3246 5264
321 572 425 624 temme
445 569 504 622 ofir.
542 567 659 622 ¹¹Simai
677 567 747 622 bath
767 565 829 620 urei
847 564 959 621 vatbeti
972 564 1093 619 azenech
1107 563 1214 619 vesichi
1227 564 1355 618 ammach
1366 583 1384 617 u
1399 561 1467 618 veth

320 658 413 712 avich.
451 656 600 712 ”Vithave
626 656 802 711 hamme‘lech
827 655 929 709 iaficch
952 655 983 708 ki
1008 654 1047 708 hu
1066 653 1203 710 adonaich
1223 653 1410 709 vehistaHavi
1429 655 1466 707 lc.

324 743 447 800 ¹³Uvath
467 763 514 800 cor
533 745 683 800 bemineha
694 744 756 814 [sic]
770 743 893 813 panaich
905 743 1024 813 jallallu
1039 743 1118 797 Asire
1132 744 1211 798 Anre.
1250 743 1325 798 ¹⁴00}
1337 742 1468 798 kevudda

320 836 393 890 bath
416 835 525 891 melech
550 837 647 904 pulcra
665 834 825 888 mimisbcot
844 834 933 887 zabad
954 833 1018 902 [sic]
1032 833 1138 889 levusa.
1176 833 1365 888 ¹⁶lirKamoth
1384 834 1466 886 tuval

321 925 459 981 lamelscb
472 923 624 979 bethaloth
643 922 750 977 abrebe
767 922 904 976 rectbeha
915 923 1051 977 muvaoth
1062 922 1136 976 lach.
1175 921 1336 977 ¹⁶Tuvalna
1346 921 1467 975 hisema-

323 1016 379 1070 hod
388 1014 467 1085 vagil
480 1016 621 1069 tevoenna
634 1012 771 1068 behechal
780 1011 899 1067 melech.
926 1012 1048 1066 ¹⁷taHad
1058 1012 1216 1066 avothecha
1225 1012 1312 1082 jihiju
1321 1013 1467 1066 baanecha

320 1105 452 1160 tesitemc
479 1103 591 1158 lesarim
619 1103 719 1157 bechcl
744 1119 815 1158 arez.
862 1101 993 1156 ¹⁸azKira
1019 1101 1143 1156 simecba
1168 1101 1268 1156 bechol
1285 1101 1344 1156 xdor
1371 1101 1466 1156 vador.

323 1197 432 1252 Alcben
451 1196 553 1250 amima
569 1195 731 1265 jeboduoba
748 1195 854 1251 leolam
873 1195 987 1250 vaheth.

395 1463 455 1528 Quo
473 1464 600 1531 tempore
618 1461 757 1531 praefatio
777 1462 854 1532 typis
873 1463 1085 1529 excribcbatur,
1105 1465 1219 1520 litterae
1239 1465 1293 1519 viri
1312 1463 1467 1523 doctissimi

323 1551 457 1607 Iohannis
476 1550 675 1606 Gildemeister
692 1551 729 1604 ad
747 1569 792 1606 me
811 1552 924 1606 adlatae
943 1553 1022 1617 sunt,
1042 1553 1140 1612 Bonna
1160 1570 1177 1606 a
1197 1553 1216 1606 d
1233 1553 1259 1606 V
1279 1552 1334 1606 Kal
1356 1552 1467 1622 Apriles

200 1657 207 1668 ·
322 1641 453 1710 scriptae,
472 1641 574 1708 quibus
594 1639 627 1694 de
648 1641 756 1710 psalmo
773 1659 801 1707 45
824 1659 868 1696 mc
888 1641 1023 1696 monebat
1042 1641 1078 1696 ab
1101 1640 1203 1695 AMeio
1222 1641 1252 1694 in
1263 1657 1352 1696 novae
1364 1640 1467 1694 bibilo-

322 1730 422 1784 tbecae
442 1731 553 1798 patrum
574 1728 627 1782 Vll
646 1748 668 1792 2,
688 1748 733 1796 312
754 1729 778 1796 [e
798 1727 935 1783 Ludovioi
953 1727 1091 1783 Burbonii
1107 1729 1198 1784 Lucae
1208 1726 1346 1798 principis
1357 1728 1466 1796 codice]

321 1817 408 1872 edito.
426 1817 500 1870 hunc
519 1816 598 1885 operi
611 1817 719 1880 critico,
738 1817 814 1883 quod
826 1817 861 1872 de
875 1817 1011 1886 psalterio
1024 1816 1152 1886 proximo
1167 1833 1241 1871 anno
1253 1818 1317 1885 post
1326 1816 1383 1870 iter
1392 1816 1467 1885 pari·
1530 1811 1534 1816 ’

322 1906 415 1960 sinum
433 1905 591 1959 absolutum
612 1904 694 1959 edere
705 1905 809 1974 cogito,
827 1921 1025 1960 reservassem:
1040 1904 1192 1960 videbatur
1203 1905 1278 1960 enim
1289 1905 1325 1960 ad
1335 1904 1466 1959 testemS

324 1995 422 2062 [supra
440 1992 493 2061 vii]
515 1992 672 2062 pertinere:
692 2010 792 2048 verum
811 2010 875 2047 cum
894 1993 1031 2064 paginula
1040 2011 1129 2049 vacua
1141 1993 1271 2063 supersit,
1288 1993 1335 2047 vel
1347 2009 1422 2045 nunc
1432 2009 1466 2046 ex

322 2082 448 2137 editione
467 2081 581 2136 meiana
599 2084 705 2150 repeto.
723 2081 756 2135 in
774 2099 830 2149 quo
844 2081 869 2134 si
880 2081 1050 2136 caballicare
1065 2098 1115 2150 pro
1125 2093 1188 2152 :m
1199 2083 1359 2150 usurpatur,
1373 2079 1468 2134 Galba

322 2169 489 2239 interpretis
504 2169 708 2238 Hieronymum
728 2169 905 2225 emendantis
924 2170 1019 2239 patria
1037 2170 1182 2225 videatur:
1210 2188 1277 2224 nam
1295 2168 1465 2224 caballicare

325 2283 357 2304 =
377 2259 562 2314 chevauoher.

396 2349 586 2416 ’Frequentat
603 2366 651 2404 cor
669 2367 763 2404 meum
781 2352 898 2405 verbum
916 2352 1035 2417 bonum,
1055 2351 1118 2405 dico
1137 2369 1191 2421 ego
1210 2367 1297 2420 opera
1315 2365 1379 2404 mea
1396 2349 1466 2419 regi.

323 2438 469 2508 ⁸pulorior
487 2455 517 2492 es
534 2437 601 2492 filiis
621 2438 721 2504 Adam,
740 2438 828 2494 effusa
841 2443 884 2493 est
895 2440 989 2510 gratia
1001 2440 1032 2494 in
1041 2440 1126 2494 labiis
1136 2439 1205 2493 tuis:
1221 2441 1372 2508 propterea
1382 2438 1466 2492 bene-

323 2526 398 2580 dixit
416 2529 444 2581 te
463 2526 532 2582 deus
551 2527 581 2580 in
599 2527 751 2582 saeculum.
788 2528 954 2600 ⁴accingere
974 2528 1070 2598 gladio
1089 2530 1139 2582 tuo
1155 2545 1238 2596 super
1251 2528 1350 2592 femur,
1368 2528 1467 2596 poten-

323 2616 445 2681 tissime,
472 2616 614 2686 dignitate
638 2619 667 2671 et
687 2616 842 2672 decoritate
861 2620 921 2673 tua.
958 2619 1005 2672 let
1024 2617 1182 2673 decoritate
1199 2618 1251 2672 tua
1269 2633 1402 2687 prospere
1422 2631 1467 2670 ca-

324 2705 429 2760 ballisa
447 2723 497 2774 per
516 2707 633 2760 verbum
653 2705 805 2760 veritosum
826 2708 856 2760 et
875 2706 1090 2762 mansuetudine
1109 2705 1246 2770 iustitiae,
1264 2708 1294 2760 et·
1310 2704 1425 2760 docebit
1437 2705 1482 2757 te'

323 2795 493 2850 terribiliter
512 2795 628 2850 dextera
647 2797 705 2850 tna.
744 2795 884 2866 ⁸sagittae
902 2797 969 2850 tuae
987 2798 1088 2852 acutae
1107 2795 1218 2866 (populi
1237 2796 1288 2850 sub
1306 2797 1334 2850 te
1353 2793 1466 2860 cadent)

324 2885 354 2938 in
374 2883 456 2938 corde
467 2882 646 2938 inimicorum
656 2885 739 2955 regis.
778 2885 911 2939 ⁷thronus
922 2887 996 2950 tuns,
1009 2885 1086 2950 deus,
1101 2885 1130 2938 in
1144 2884 1287 2939 saeculum
1297 2886 1327 2939 et
1337 2881 1366 2938 in
1376 2884 1467 2937 aeter-

324 2991 406 3026 num:
426 2974 567 3041 sceptrum
590 2972 745 3040 aequitatis
764 2975 908 3042 sceptrum
926 2973 1005 3044 regni
1024 2973 1075 3026 tui.
1113 2971 1258 3027 ⁸dileristi
1277 2972 1416 3026 iustitiam
1436 2975 1466 3026 et

324 3061 410 3116 odisti
427 3062 619 3131 impietatem:
639 3063 791 3132 propterea
809 3062 893 3116 unxit
905 3064 934 3116 te
947 3062 1023 3127 deus,
1043 3061 1199 3125 dsuetum,
1219 3053 1466 3131 oleogaudiiprae

324 3151 407 3206 sociis
426 3152 491 3204 tuis.
529 3153 660 3221 ⁹smyma
684 3154 714 3207 et
737 3153 798 3206 aloe'
818 3153 848 3206 et
867 3151 942 3205 casia
961 3151 990 3204 in
1009 3151 1119 3206 cunctis
1136 3150 1315 3205 vestimentis
1332 3151 1403 3204 tuis:
1431 3149 1466 3204 de

324 3239 440 3308 templis
468 3240 601 3295 eburneis
631 3241 725 3294 Menni
751 3240 980 3294 laetificaverunt
1011 3242 1039 3295 te
1072 3239 1176 3294 ¹⁰filiae
1195 3257 1294 3309 regum
1312 3241 1466 3295 inhonore

323 3332 387 3383 tuo:
412 3327 495 3382 stetit
512 3329 633 3383 coniunx
652 3329 683 3382 in
702 3329 819 3384 dextera
836 3332 887 3383 tua
906 3329 936 3382 in
955 3329 1051 3398 petalo
1070 3329 1174 3399 Ophyr.
1213 3331 1323 3396 ¹¹audi,
1348 3331 1416 3396 filia,
1436 3335 1466 3388 et

323 3417 398 3482 vide,
416 3418 445 3471 et
463 3417 569 3472 inclina
587 3435 684 3472 aurem
702 3419 796 3480 tuam,
822 3419 851 3472 et
870 3417 1035 3473 obliviscere
1052 3417 1188 3487 populum
1208 3420 1289 3472 tuum
1306 3422 1335 3474 et
1353 3420 1466 3474 domum

323 3505 414 3577 patris
432 3505 484 3560 tui.
522 3506 579 3562 ¹²et
598 3507 738 3562 desideret
756 3525 805 3562 rex
831 3506 1053 3576 pulcritudinem
1071 3508 1164 3561 tuam:
1193 3507 1326 3574 quoniam
1344 3509 1405 3578 ipse
1425 3510 1468 3564 est
1582 3553 1583 3584 ζ

324 3595 453 3650 dominus
466 3597 540 3660 tuus,
559 3597 589 3650 et
602 3595 690 3650 adora
703 3613 776 3650 eum.
815 3596 874 3651 ¹³et
887 3595 948 3650 filia
958 3596 1035 3665 Tyri,
1046 3595 1076 3648 in
1087 3595 1251 3650 muneribus
1269 3597 1368 3652 faciem
1387 3609 1466 3652 tuam

323 3685 553 3754 deprecabuntur
571 3684 675 3740 divites
693 3686 801 3754 populi.
839 3685 863 3717 ¹⁴
871 3685 960 3740 omnis
977 3686 1116 3740 honorata
1126 3685 1186 3740 filia
1197 3687 1272 3757 regis
1282 3687 1464 3743 intrinsecus:

324 3775 359 3829 de
385 3773 504 3828 fimbriis
532 3774 624 3828 aureis
651 3773 850 3828 indumentum
877 3775 946 3829 eius.
985 3774 1042 3828 ¹⁵in
1067 3775 1205 3828 deomatis
1224 3776 1386 3842 [recamatis
1404 3793 1466 3831 corr

323 3863 392 3930 Mai]
412 3861 589 3917 adducentur
608 3862 643 3916 ad
662 3879 758 3932 regem
775 3862 900 3932 virginee
919 3863 983 3932 post
1001 3879 1072 3927 eam,
1094 3862 1237 3932 proxime
1252 3864 1312 3920 eins
1324 3865 1464 3920 adductae

322 3953 388 4004 sunt
406 3950 470 4004 tibi.
510 3951 678 4006 ‘⁶ducsntur·
695 3951 726 4007 in
744 3951 858 4006 laetitia
877 3959 904 4006 et
924 3951 1115 4017 exultatione,
1145 3953 1260 4008 venient
1278 3954 1309 4008 in
1327 3955 1465 4024 templum

322 4039 406 4109 regis.
445 4039 521 4107 ¹ipro
540 4041 670 4108 patribus
685 4041 743 4096 tuis
762 4043 844 4097 erant
862 4041 914 4096 filii
933 4041 1001 4096 tibi:
1021 4058 1109 4112 pones
1126 4059 1173 4098 eos
1192 4043 1336 4113 principes
1353 4045 1385 4098 in
1403 4045 1465 4100 tota

323 4132 408 4182 terra.
447 4126 641 4183 ¹⁸recordabor
666 4131 787 4185 nominis
813 4131 857 4184 tui
881 4132 911 4185 in
929 4130 1006 4186 omni
1025 4132 1208 4200 generatione
1227 4135 1257 4186 et
1274 4134 1465 4202 generatione.

323 4217 474 4288 propterea
492 4218 592 4286 populi
611 4219 827 4273 comitabuntur
846 4219 910 4288 [sic]
929 4221 959 4274 te
978 4220 1008 4286 ip
1023 4221 1169 4276 saeculum
1183 4223 1213 4275 et
1227 4222 1258 4274 in
1274 4223 1429 4276 aetemum.
