3256 5252
755 431 799 470 vn

280 565 307 617 P
324 569 417 638 regius
436 576 506 638 3563,
526 573 715 630 bibliothecae
735 576 898 646 parisiensis
917 578 1067 634 maximae.

281 657 470 714 Qvaticanus
493 681 540 728 344
566 661 739 733 [Martianay
766 665 866 734 [838].
910 667 1006 720 codicis
1033 670 1168 722 uariantes
1197 669 1301 739 collepit
1327 675 1352 720 et

208 746 330 798 Parisios
347 748 384 800 ad
403 767 443 800 me
480 752 551 804 misit
569 751 682 805 domnus
703 754 834 808 Claudius
853 756 995 810 Estiennol
1013 758 1352 828 [poterathuncStepha

206 835 303 887 uotum
323 837 435 906 vocare]
467 842 679 910 conprepationis
707 850 814 896 nostrae
836 851 1001 912 procurator
1018 848 1150 916 pancratis
1170 849 1289 901 incuria
1308 866 1350 902 ro·

206 939 295 975 anana.
332 924 416 977 huius
433 926 600 996 Stephanoti
618 947 704 983 manu
723 930 823 1000 scripti
841 932 908 984 sunt
924 932 1033 986 codices
1051 935 1170 1002 parisini
1187 942 1351 1002 1244212587

208 1019 406 1079 12739··1277⁶·

277 1103 378 1156 horum
403 1105 531 1159 codicum
557 1107 729 1167 EFHKLQ
755 1107 921 1177 psalterium
947 1109 1037 1163 solum
1056 1110 1212 1175 continent,
1231 1111 1354 1164 MNOP

205 1207 349 1256 canonem,
369 1196 402 1246 ut
421 1194 544 1248 Macrini
563 1196 725 1264 loquuntur,
744 1197 894 1252 hebraicae
913 1199 1053 1264 veritatis,
1072 1199 1102 1252 id
1118 1202 1161 1254 est
1174 1201 1255 1254 vetus
1264 1201 1351 1254 testa·

206 1283 333 1334 mentum
354 1299 387 1337 eo
406 1282 464 1337 fere
484 1284 581 1338 ordine
601 1285 769 1354 dispositum
792 1303 848 1354 quo
863 1287 893 1340 in
908 1288 1025 1357 prologo
1041 1289 1155 1358 galeato
1165 1289 1352 1358 Hieronymus

207 1373 393 1425 recensuerat.
430 1390 495 1426 nam
523 1373 651 1428 ordinem
678 1375 750 1444 legis
780 1376 908 1442 sequitur
940 1377 1008 1430 ordo
1033 1378 1249 1446 prophetarum,
1277 1379 1351 1438 hunc

207 1459 315 1529 excipit
333 1461 401 1514 ordo
419 1460 693 1531 hagiographorum:
713 1463 829 1517 additur
845 1465 910 1532 post
928 1465 1004 1518 hunc
1023 1464 1090 1518 ordo
1107 1465 1351 1520 eorumlibrorum

207 1550 257 1616 qui
282 1549 312 1602 in
334 1550 457 1605 hebraeo
487 1567 593 1605 canone
621 1569 678 1606 non
703 1553 846 1606 habentur
876 1553 1051 1622 [Sapientiae
1070 1554 1262 1608 Ecclesiastiei
1280 1555 1352 1610 chi

206 1637 303 1691 Iudith
322 1639 554 1694 Maccahaeorum
574 1641 586 1692 l
605 1641 654 1708 ll].
691 1641 759 1696 novi
778 1641 942 1695 testamenti
962 1641 1073 1696 ordines
1091 1642 1147 1696 duo
1166 1645 1245 1707 sunt,
1266 1660 1351 1698 evan-

207 1727 313 1797 gelicus
333 1730 363 1782 et
386 1729 574 1796 apostolicus,
604 1730 637 1782 ut
655 1747 703 1783 sex
728 1729 875 1783 ordinibus
900 1730 991 1784 biblia
1009 1731 1195 1785 absolvantur
1213 1732 1299 1800 plane
1318 1734 1352 1786 ut

207 1825 312 1882 05770
332 1827 414 1883 ww
432 1817 524 1886 operis
548 1817 697 1871 talmudici
716 1819 790 1881 sunt,
810 1817 876 1884 hinc
896 1820 967 1885 0⁴⁴1&
986 1818 1066 1871 dicti.
1104 1821 1134 1872 et
1153 1819 1276 1873 debebat
1295 1821 1350 1874 Ka-

207 1903 282 1958 ralus
300 1903 463 1960 Vercellone
481 1905 639 1974 scripturae
659 1905 854 1960 diversitatem
871 1906 902 1958 in
919 1906 1017 1960 bibliis
1039 1906 1138 1960 latinis
1156 1907 1268 1961 obviam
1287 1924 1352 1962 con-

206 1992 321 2060 quirens
341 1993 377 2046 ab
396 1993 440 2046 his
458 1993 610 2063 proficisci:
635 2011 707 2062 quae
727 1995 776 2050 ille
796 2011 831 2048 ne
851 1993 1014 2064 cognovisse
1034 1994 1148 2062 quidem
1167 1995 1293 2060 videtur,
1318 1997 1352 2048 ut

206 2099 297 2156 neque
316 2081 339 2135 ii
356 2085 550 2152 cognoverunt
569 2083 667 2150 quiin
687 2083 838 2138 Germania
857 2083 925 2136 data
949 2100 1035 2152 opera
1054 2083 1088 2138 de
1108 2084 1233 2154 vulgatis
1254 2083 1351 2138 bibliis

206 2171 295 2225 locuti
314 2173 387 2224 sunt.
425 2190 480 2226 non
497 2173 572 2240 quod
591 2173 642 2226 hos
661 2189 782 2226 canones
800 2189 853 2241 ego
872 2171 964 2240 ipsam
983 2171 1149 2241 Hieronymi
1162 2189 1276 2225 manum
1287 2188 1351 2225 con·

207 2261 296 2314 tinere
316 2259 437 2324 credam,
457 2261 505 2314 sed
524 2261 600 2328 quod
619 2260 669 2328 qui
687 2261 737 2314 hos
754 2259 922 2314 contulisset
941 2289 973 2298 -
994 2260 1018 2312 si
1033 2260 1115 2313 modo
1127 2260 1265 2314 Iohannes
1277 2260 1351 2312 Mar·

206 2349 305 2416 tianay
324 2365 392 2402 vera
409 2348 524 2402 rettulit
542 2379 573 2387 -
595 2367 680 2402 unam
699 2351 806 2402 certam
821 2347 950 2402 ecdicum
960 2347 1098 2402 familiam
1111 2348 1261 2402 habiturus
1270 2349 1351 2412 esset,

207 2455 224 2490 a
246 2455 303 2505 qaia
332 2437 515 2491 diiudicanda
539 2437 575 2490 ad
600 2439 709 2491 ceteras
733 2439 827 2506 posset
852 2436 1001 2505 proficisci.
1039 2453 1111 2504 quae
1131 2453 1196 2491 vero
1216 2437 1252 2491 ad
1270 2436 1351 2490 Luci-

206 2527 286 2580 nium
305 2526 448 2594 scripsisse
465 2527 540 2580 dicit
555 2527 757 2594 Hieronymum
777 2525 869 2580 editor
888 2525 1029 2594 parisinus
1044 2526 1115 2580 haec
1132 2528 1207 2590 sunt,
1226 2527 1350 2595 epistula

206 2636 235 2683 71
255 2616 268 2668 I
287 2635 332 2682 432
352 2610 382 2667 bc
402 2615 549 2669 Vallarsii:
569 2633 696 2668 canonem
714 2615 850 2666 hebraicae
868 2614 988 2668 vendatis
1007 2621 1113 2684 eccepto
1124 2616 1276 2668 octateucho
1288 2615 1352 2683 [alii

206 2705 257 2782 aut
274 2705 447 2774 heptateucho
466 2705 516 2758 aut
531 2703 734 2773 pentateucho],
760 2721 839 2772 quern
861 2703 979 2755 nuncin
998 2703 1121 2755 morsibus
1138 2703 1234 2772 babeo,
1258 2703 1352 2772 pucras

207 2795 259 2847 tuis
275 2800 301 2846 et
324 2795 438 2846 notariis
461 2795 525 2846 dedi
542 2793 748 2846 describendum.
785 2793 888 2859 quibus
915 2792 1009 2846 verbis
1035 2809 1069 2846 ea
1087 2809 1143 2846 non
1163 2793 1352 2847 demonstrari

205 2900 279 2950 quae
298 2881 435 2936 Iohannes
453 2883 615 2950 Martianay
634 2882 669 2934 iis
689 2880 875 2936 demonstrari
894 2880 1036 2942 credebat,
1055 2897 1151 2936 omnes
1167 2881 1275 2935 vident.

387 2971 470 3025 venio
489 2989 564 3024 nunc
583 2971 619 3024 ad

280 3059 309 3114 S.
328 3060 382 3112 hac
402 3075 454 3127 ego
474 3057 547 3127 sigla
564 3057 671 3120 scholia
690 3057 834 3127 insignivi,
854 3074 926 3124 quae
944 3056 1029 3110 litera
1048 3057 1067 3108 h
1086 3059 1185 3111 notata
1204 3057 1234 3111 in
1247 3059 1351 3128 margi·

206 3147 290 3201 nibus
318 3163 458 3200 canonum
483 3163 596 3203 suorum
623 3146 734 3200 invenit
759 3146 897 3199 lohannes
915 3145 1086 3213 Martianay.
1124 3145 1158 3200 de
1180 3145 1282 3213 quibus
1301 3147 1351 3201 ille

207 3236 219 3288 l
239 3240 283 3302 837
301 3240 346 3300 838
366 3252 502 3288 monemus
518 3235 613 3303 inquit
631 3237 754 3287 lectorem
772 3235 920 3287 studiosum
982 3235 1080 3286 scholia
1091 3236 1261 3304 marpinalia
1284 3255 1351 3306 quae

206 3325 329 3394 deinceps
357 3331 500 3376 occurrunt
523 3325 552 3376 in
571 3329 626 3376 toto
640 3325 783 3392 psalterio,
810 3323 898 3392 posita
917 3340 969 3374 esse
988 3323 1016 3375 in
1035 3325 1229 3392 exemplaribus
1244 3327 1352 3378 canonis

207 3412 343 3464 hebraicae
361 3412 496 3474 ueritatis,
524 3413 572 3464 ubi
586 3413 760 3481 incorruptus
771 3415 838 3482 sere
857 3418 981 3469 servatur
1000 3417 1087 3464 tentus
1102 3414 1232 3466 versionis
1251 3415 1351 3467 Hiero-

205 3503 282 3569 nymi
297 3501 455 3571 [Mauricus
473 3501 522 3554 ille
542 3501 677 3568 loquitur,
695 3518 751 3554 non
771 3500 832 3570 ego]
858 3518 918 3554 curn
941 3501 1020 3554 buius
1039 3501 1114 3554 modi
1127 3502 1352 3557 adnotatiunculis

206 3595 243 3648 ad
260 3595 417 3662 marpinem.
449 3611 535 3662 porro
559 3594 652 3646 eadem
670 3592 769 3644 scholia
795 3592 926 3644 transnato
944 3598 1008 3644 sunt
1027 3592 1162 3660 imperitia
1180 3594 1351 3648 librariorum

206 3685 233 3736 in
253 3689 403 3736 contectum
421 3701 530 3736 sacrum
546 3685 711 3752 psalmorum
730 3683 784 3744 ita,
814 3685 844 3733 ut
861 3681 890 3733 iu
911 3682 994 3734 tribus
1013 3680 1132 3751 antiquis
1150 3699 1203 3734 mss
1221 3683 1352 3736 codicibus

207 3777 294 3824 tectus
312 3777 431 3824 mutatus
460 3773 613 3824 inveniatur
641 3789 701 3824 curn
729 3768 945 3822 annotationibus
973 3771 1167 3838 morpinalibus
1189 3789 1241 3840 per
1266 3777 1350 3826 lotum

203 3861 375 3931 psalterium.
415 3861 593 3930 manuscripti
618 3861 661 3912 illi
686 3865 748 3912 cunt
775 3859 915 3910 rotmanus
939 3857 1079 3910 bibliorum
1105 3876 1245 3911 sacrorum
1270 3861 1351 3914 codes

197 3968 271 4002 num
290 3967 351 4017 5729
365 3945 437 4021 [sic]‚
459 3949 542 4001 codex
560 3950 622 4001 item
641 3948 747 4000 biblicus
765 3948 979 4015 Aupustinorum
1003 3947 1231 4016 barolipalensium
1247 3950 1351 4002 etalter

206 4038 362 4090 monasterii
379 4056 392 4088 s
410 4038 551 4089 Michaelis
569 4038 597 4088 in
612 4037 733 4107 periculo
752 4036 845 4086 maris.
884 4037 1040 4104 nonnullam
1058 4037 1137 4089 etiam
1150 4042 1259 4104 partem
1272 4039 1349 4090 ecbo-

207 4128 310 4202 tiorumv
330 4126 479 4178 invenimus
502 4125 531 4177 in
549 4126 610 4178 aliis
629 4123 824 4192 exemplaribus
843 4140 909 4186 mss,
932 4123 1001 4176 unde
1019 4125 1048 4175 in
1067 4125 1150 4178 editos
1170 4126 1250 4178 libros
1263 4127 1351 4194 facile

206 4216 325 4270 derivari
336 4220 495 4283 potuerunt.
533 4233 581 4267 nos
599 4215 636 4266 ad
646 4215 735 4284 fidem
748 4212 866 4266 codicum
881 4230 932 4266 mss
944 4215 1184 4268 vetustissimorum
1197 4233 1228 4268 ae
1237 4215 1350 4281 optimae
1392 4219 1394 4224 '

205 4311 284 4358 notae
303 4304 392 4357 omnia
411 4305 467 4356 suis
487 4305 549 4356 locis
568 4303 706 4356 restituere
724 4302 886 4354 curavimus.

277 4393 393 4447 memini
417 4409 462 4446 me
487 4409 551 4446 cum
575 4391 775 4459 Schleusingae
795 4390 974 4456 quaestiones
993 4390 1158 4458 Hieronymi
1176 4391 1207 4444 in
1228 4390 1348 4446 Genesin

205 4482 325 4545 ederem,
345 4482 500 4552 aegerrime
519 4481 692 4535 editionibus
711 4477 836 4548 parisina
855 4480 884 4532 et
897 4478 1044 4534 veronensi
1057 4496 1152 4534 carere
1173 4482 1203 4534 et
1213 4497 1348 4550 perquam
