3246 5264
808 430 852 470 XII

259 578 355 645 γξφμβ
373 577 592 648 orthographica
606 594 678 644 quae
692 577 826 634 dicuntur
835 579 1003 647 plerumque
1013 595 1069 632 non
1079 578 1190 633 curavi:
1211 577 1275 630 Zin
1285 577 1401 646 psalmis

260 681 338 730 1-25
361 669 486 731 rot-151
507 665 605 719 eodem
624 683 678 732 quo
702 667 799 720 GRW
813 667 896 721 modo
915 669 1054 721 tractatus
1072 669 1129 732 est,
1154 667 1209 720 nisi
1227 666 1302 734 quod
1322 671 1332 717 t
1351 682 1401 734 pro

259 773 272 804 c
291 752 423 821 scriptam
444 753 473 806 in
492 755 638 808 vocabulis
660 757 827 808 mendacium
838 755 958 824 fallacia
978 756 1118 810 similibus
1136 756 1167 809 in
1186 757 1237 810 hoc
1247 772 1401 822 numquam

260 841 366 894 notavi.
401 841 529 896 codicum
549 845 965 909 ABODEFHKLMNOPQ,
985 845 1090 916 itemg
1109 847 1138 900 et
1158 845 1179 896 S
1197 845 1351 914 scripturas
1364 843 1399 896 ab

260 929 415 987 editoribus
434 931 559 999 parisino
578 935 607 986 et
625 935 774 988 veronensi
793 936 925 1003 acceptas
943 934 1073 990 laudavi:
1094 952 1166 1002 quae
1186 933 1302 996 simale
1320 940 1400 986 nota-

258 1023 305 1072 tae
324 1022 390 1072 sunt
408 1021 445 1073 ab
463 1020 530 1086 illis,
549 1022 682 1090 equidem
700 1024 785 1092 culpa
803 1041 859 1078 non
878 1025 985 1077 teneor.
1021 1023 1116 1093 potuit
1135 1024 1230 1076 autem
1249 1021 1311 1076 fieri
1326 1021 1401 1074 utin

260 1126 344 1177 opere
364 1127 501 1178 perquam
520 1113 639 1166 molesto
658 1114 862 1168 transscribens
872 1115 902 1167 et
921 1113 1052 1184 digerens
1065 1115 1125 1183 ipse
1138 1112 1305 1168 erraverim:
1325 1111 1401 1180 quod

204 1236 206 1246 .
260 1196 283 1250 si
302 1197 409 1251 factum
429 1201 480 1264 est,
498 1200 574 1270 apud
593 1219 697 1270 aequos
715 1203 834 1258 lectores
853 1203 1063 1258 excusationem
1083 1203 1113 1255 in
1132 1203 1265 1272 promptu
1281 1202 1401 1256 habebo.

332 1475 401 1529 Cum
425 1476 587 1531 litterarum
611 1478 647 1532 ad
668 1479 814 1534 dexteram
833 1478 1035 1534 inclinatarum
1055 1479 1138 1549 copia
1157 1479 1187 1532 in
1204 1478 1401 1548 typographeo

259 1565 316 1618 iam
335 1564 415 1618 nulla
433 1565 479 1630 sit,
499 1585 571 1634 quae
590 1585 674 1638 supra
693 1569 798 1639 pagina
817 1569 846 1622 ix
865 1568 930 1624 med
948 1568 1057 1623 edenda
1068 1570 1157 1632 erant,
1177 1568 1238 1621 loco
1252 1583 1308 1634 quo
1322 1565 1401 1620 dece-

261 1657 310 1709 bat
329 1657 411 1711 edere
430 1675 486 1712 non
504 1659 585 1726 potui
604 1660 633 1713 et
652 1677 726 1714 nunc
745 1659 787 1714 ita
805 1659 866 1724 edo,
887 1661 918 1712 ut
937 1677 1010 1727 quae
1030 1659 1158 1712 auctores
1179 1675 1197 1712 a
1209 1675 1253 1711 me
1266 1656 1297 1709 in
1308 1657 1399 1710 lucem

259 1748 397 1815 protracti
421 1749 585 1817 scripserint
610 1751 640 1803 et
665 1767 737 1817 quae
756 1749 815 1820 ipse
835 1749 1001 1813 addiderim,
1021 1747 1157 1819 prudenti
1177 1747 1278 1802 lectori
1301 1745 1401 1799 distin·

259 1836 371 1906 guenda
384 1837 553 1905 relinquam,
573 1855 628 1894 non
646 1839 706 1908 ipse
725 1839 908 1908 distinguam.
945 1839 1041 1893 confer
1060 1837 1234 1892 onomastica
1249 1853 1312 1890 mea
1322 1852 1401 1889 sacra

260 1925 272 1978 Ι
291 1926 342 1979 viii
360 1927 431 1992 1144
449 1943 481 1980 ac
499 1926 603 1981 mirare
625 1930 655 1980 et
673 1928 843 1996 patientiam
863 1945 955 1982 meam
974 1928 1003 1982 et
1022 1927 1139 1980 divitias
1158 1925 1332 1996 guelphicas.

331 2015 400 2070 Cum
418 2016 533 2070 nomina
550 2017 713 2070 litterarum
727 2016 925 2071 hebraicarum
934 2017 964 2070 in
977 2017 1121 2071 codicibus
1133 2018 1219 2084 atque
1228 2013 1402 2070 editionibus

259 2105 389 2175 psalterii
411 2106 478 2159 hinc
503 2105 568 2160 inde
588 2106 672 2160 obvia
691 2124 747 2161 non
765 2107 939 2176 curaverim,
959 2125 994 2161 ue
1013 2106 1119 2160 talibus
1138 2105 1265 2174 cupediis
1283 2105 1402 2158 lectores

259 2196 372 2250 omnino
391 2197 514 2260 careant,
533 2195 606 2250 addo
626 2214 698 2264 quae
718 2214 732 2250 e
751 2196 847 2250 codice
864 2196 987 2264 quodam
1005 2197 1130 2266 gothano
1144 2195 1293 2264 desumpsi.

332 2286 413 2340 Anno
438 2290 497 2338 1868
525 2303 589 2339 cum
608 2275 724 2340 Genesis
743 2286 900 2340 versionem
919 2302 1050 2354 graecam
1070 2287 1193 2339 veterem
1212 2285 1338 2352 ederem,
1366 2285 1400 2338 de

259 2373 355 2428 codice
375 2373 576 2427 Oxoniensinm
596 2394 624 2441 27
644 2374 749 2428 frustra
767 2391 812 2428 me
832 2373 1003 2442 quaesivisse
1018 2374 1126 2439 rettuli,
1145 2391 1228 2442 quem
1244 2375 1402 2443 paulopost

259 2462 368 2518 Gothae
386 2463 509 2518 feliciter
527 2464 670 2518 servatum
689 2463 795 2518 inveni.
832 2465 876 2518 est
895 2463 984 2534 igitur
1002 2464 1089 2518 codex
1109 2463 1245 2518 Holmesii
1256 2482 1286 2530 27
1300 2481 1315 2517 e
1327 2481 1402 2516 mur·

259 2549 372 2607 bacehsi
391 2555 533 2624 gothanus
551 2554 661 2607 membr
679 2554 693 2606 Ι
713 2573 741 2620 17
762 2552 893 2607 foliorum
913 2573 941 2620 71
962 2553 1036 2607 idem
1056 2553 1090 2607 de
1110 2571 1165 2620 quo
1178 2553 1402 2607 Bernhardusdc

259 2641 441 2696 Montsaucon
459 2659 532 2696 anno
553 2647 612 2709 1708
632 2641 871 2711 palaeographiae
890 2659 1008 2711 graecae
1027 2640 1140 2711 paginis
1156 2662 1282 2708 220—223
1296 2644 1325 2696 et
1340 2641 1402 2708 (qui

258 2732 335 2784 totus
354 2750 370 2785 a
389 2731 518 2786 Maurino
536 2732 592 2785 isto
610 2730 727 2799 pendet)
747 2730 894 2784 FAStroth
913 2747 987 2784 anno
1007 2736 1067 2796 1782
1086 2730 1115 2783 in
1134 2731 1402 2798 Eichhcrniireper-

259 2821 364 2874 torium
384 2821 429 2873 fiir
444 2820 582 2874 biblische
601 2819 658 2872 und
670 2818 933 2889 morgenlitndische
948 2819 1094 2873 litteratur
1103 2819 1142 2871 XI
1157 2836 1187 2886 59
1198 2820 1266 2889 egit.
1303 2821 1402 2872 neuter

258 2910 363 2963 librum
382 2911 469 2965 vidit:
488 2927 541 2980 ego
560 2927 624 2964 cum
643 2905 797 2978 diligenter
816 2909 960 2962 conlatum
979 2909 1015 2962 ad
1039 2908 1169 2978 psalterii
1187 2910 1282 2978 graeci
1301 2909 1401 2963 editio-

259 3019 322 3056 nem
341 3001 527 3066 adhibuerim,
547 3018 603 3055 non
623 3001 739 3070 septimi
757 2999 805 3054 sed
824 3000 893 3054 noni
912 3000 1018 3054 saeculi
1036 3017 1094 3054 esse
1114 2999 1242 3065 αὐτόπτης
1256 2999 1322 3064 scio,
1342 3018 1401 3054 car-

259 3089 392 3156 minaque
411 3090 440 3142 in
459 3107 492 3143 eo
511 3091 623 3144 servata
641 3089 699 3143 tria
722 3091 774 3143 hoo
794 3090 855 3143 loco
875 3089 1002 3144 editurus
1021 3107 1091 3142 sum.
1129 3090 1158 3142 in
1178 3081 1302 3157 quoruni
1315 3090 1402 3144 tertio

212 3181 220 3190 ‘
260 3178 368 3232 edendo
392 3178 571 3231 Bernhardus
592 3178 626 3232 de
645 3177 842 3242 Montfaucon,
871 3178 1023 3232 amicorum
1047 3195 1160 3232 suorum
1178 3178 1294 3248 ignavia
1313 3181 1342 3234 et
1360 3179 1404 3233 in-

259 3267 342 3320 scitia
369 3265 512 3334 deceptus,
539 3268 615 3320 ultra
642 3283 753 3320 versum
782 3283 991 3335 17pr0gressus
1014 3284 1071 3320 non
1097 3270 1147 3321 est.
1183 3270 1213 3322 et
1229 3267 1340 3321 fallitur
1358 3269 1403 3320 vir

259 3355 449 3420 doctissimus,
477 3355 569 3423 siqui
595 3357 659 3424 post
677 3373 789 3410 versum
811 3375 838 3422 ¹7
856 3373 952 3410 versus
971 3355 1051 3423 sequi
1070 3357 1219 3422 deberent,
1248 3359 1403 3413 desiderari

259 3446 367 3501 scribit.
404 3445 508 3500 adsunt
526 3444 602 3500 enim
620 3444 651 3498 in
669 3443 778 3508 codice,
807 3444 855 3500 sed
875 3444 917 3498 ita
936 3443 1065 3509 evanidi,
1085 3447 1118 3499 ut
1136 3446 1291 3516 aegerrime
1310 3463 1402 3515 neque

259 3541 383 3608 integros
402 3535 529 3606 legerim,
547 3537 696 3602 certusque
714 3553 776 3588 sum
795 3535 887 3589 virum
908 3535 936 3588 in
956 3535 1084 3604 legendis
1102 3536 1246 3590 codicibus
1257 3555 1313 3591 non
1325 3555 1402 3591 exer-

258 3630 379 3684 citatum
403 3643 460 3680 non
486 3625 577 3679 multa
602 3625 726 3680 visurum
753 3642 826 3680 esse:
852 3625 947 3679 confer
971 3625 1107 3692 reliquias
1130 3626 1199 3680 iuris
1218 3627 1403 3682 ecclesiastici

257 3717 381 3786 syriacas
400 3735 458 3780 124,
477 3716 507 3768 et
526 3731 598 3782 quae
618 3713 652 3768 de
671 3714 828 3782 ThILamy,
857 3731 914 3767 non
934 3714 1047 3784 legente
1065 3715 1205 3778 codicem,
1231 3716 1277 3770 sed
1296 3715 1401 3770 librum

259 3825 352 3862 meum
371 3805 529 3874 repetente,
558 3802 659 3856 ZDMG
679 3803 744 3856 XIV
764 3809 809 3869 336
829 3823 873 3870 333
894 3802 971 3856 dicta
989 3805 1063 3857 sunt.
1100 3803 1268 3872 permiserat
1287 3805 1400 3872 quidem

259 3897 428 3951 Wilhelmus
446 3893 577 3948 Pertzsch
595 3891 723 3961 potiones
743 3891 882 3946 chemicas
902 3891 1022 3960 infundi,
1042 3892 1075 3946 de
1096 3893 1199 3960 quibus
1216 3893 1247 3947 in
1265 3894 1338 3949 libro
1358 3915 1401 3949 ar-

259 3988 323 4042 chiv
350 3987 399 4040 der
426 3983 608 4055 gescllschaft
632 3983 677 4036 ffir
701 3983 791 4036 altere
817 3982 952 4036 deutsche
971 3983 1228 4052 geschichtskunde
1246 3987 1270 4050 V
1290 4005 1336 4052 512
1354 3987 1401 4056 agi

258 4078 324 4130 ante
351 4073 427 4127 diem
452 4075 477 4126 X
501 4074 555 4126 Kal
577 4073 622 4126 Iul
642 4078 699 4138 1853
729 4090 773 4127 me
803 4071 839 4125 ad
869 4071 1006 4125 Granium
1025 4072 1203 4127 Licinianum
1227 4091 1401 4128 accessurum

259 4163 433 4221 GFPertzius
456 4161 604 4226 docuerat,
632 4161 680 4214 sed
703 4178 821 4229 vapores
840 4162 985 4215 tantuma
1004 4161 1114 4230 liquore
1133 4160 1268 4216 ammonii
1286 4162 1402 4232 sulphu-

258 4255 315 4309 rati
336 4254 482 4323 surgentes
500 4268 550 4319 per
565 4250 761 4305 brevissimum
780 4253 893 4319 tempus
912 4251 948 4304 ad
961 4253 1152 4306 membranam
1162 4251 1305 4321 adplicavi
1315 4251 1401 4320 idque

258 4345 318 4399 sinc
344 4342 455 4403 ¹fructu:
484 4339 561 4394 kalio
589 4339 781 4408 ferrocyanico
807 4341 836 4393 et
861 4339 941 4393 acido
967 4340 1117 4394 muriatico
1138 4339 1181 4393 uti
1200 4341 1288 4394 nolui:
1317 4341 1401 4396 istam

258 4434 334 4487 enim
353 4432 522 4488 medicinam
542 4448 576 4484 ex
595 4429 747 4500 Ephraemi
764 4429 860 4484 codice
879 4429 1004 4498 parisino
1025 4447 1100 4483 nunc
1119 4429 1248 4483 caeruleo
1268 4431 1402 4487 etFride-

258 4523 310 4576 rici
330 4522 451 4576 Kochler
481 4520 614 4590 conlegae
641 4517 826 4573 berolinensis
845 4518 974 4574 doctrina
992 4518 1114 4573 sciebam
1132 4517 1317 4586 periculosam
1335 4539 1402 4593 esse,
