3232 5256
741 452 803 518 155

202 623 224 684 2
249 620 289 685 lb
311 621 379 684 Luo
403 622 453 705 16,
467 622 510 685 26
520 622 594 706 ΙΒασ
609 622 662 686 Ali
682 623 769 688 3284
783 624 869 688 idem
883 622 968 706 quod
980 621 1140 687 Arabibus
1156 634 1209 710 sy
1220 620 1344 701 βόθρος

202 721 286 787 Prov
310 725 363 806 22,
378 724 418 787 14
434 723 544 804 χάσμα
554 724 622 788 Lue
638 726 688 808 16,
701 725 752 788 26.
797 726 942 809 primitus
952 725 1051 808 igitur
1066 723 1193 788 essendi
1208 723 1294 787 notio
1310 722 1345 785 ln

202 826 311 891 radice
334 843 400 893 ruri
422 848 486 893 non
509 829 613 912 infuit,
636 837 670 894 ut
690 850 819 914 prorsus
842 830 989 896 infelices
1012 828 1250 914 videanturqui
1263 842 1344 892 arur

202 935 308 994 entem
330 937 526 1015 exponentes
550 952 666 996 nomen
688 940 780 999 vetus
803 953 873 1000 esse
895 940 1068 999 autument.
1113 953 1183 997 eum
1204 947 1240 1016 aa,
1257 929 1345 1013 apud

202 1033 327 1098 Arabes
350 1039 381 1098 et
399 1034 581 1100 Phoenices
603 1056 661 1119 pro
685 1053 751 1124 rip-r
773 1044 952 1121 usurpetur,
975 1054 1058 1127 app:
1072 1036 1157 1100 idem
1174 1053 1244 1100 esse
1257 1034 1345 1097 dixe-

203 1137 247 1202 ris
269 1138 354 1220 quod
377 1157 444 1226 pq:
467 1139 574 1224 (Regn
596 1141 647 1203 Ill
670 1142 699 1224 7,
715 1140 771 1227 21)
794 1142 846 1206 vel
869 1162 887 1207 e
909 1141 1027 1206 seriore
1050 1161 1110 1205 usu
1133 1158 1219 1227 1³:3⁷2.

291 1244 380 1326 atqui
402 1245 437 1306 in
459 1245 529 1328 ipso
551 1243 743 1310 Iudaeorum
766 1245 876 1311 eodioe
898 1267 988 1312 saoro
1012 1245 1112 1330 (quod
1134 1251 1182 1309 est
1203 1243 1345 1328 tertium)

203 1348 476 1432 interpretationis
505 1368 596 1414 meae
624 1356 723 1414 restat
743 1350 923 1432 uestigium.
967 1371 1042 1415 narn
1065 1351 1119 1433 qui
1142 1349 1249 1414 Exodi
1272 1349 1301 1431 6,
1324 1349 1344 1412 3

203 1451 346 1536 scripsit,
378 1451 414 1515 id
441 1451 585 1534 profesto
614 1453 753 1518 voluisse
780 1474 843 1518 non
866 1461 1009 1537 poterat,
1041 1459 1077 1517 ut
1099 1471 1213 1517 nomen
1235 1450 1345 1516 Iahvis

204 1555 314 1640 primis
328 1557 433 1638 gentis
447 1556 596 1621 iudaicae
609 1558 791 1623 auctoribus
807 1558 1005 1640 incognitum
1017 1578 1088 1623 esse
1100 1556 1235 1621 diceret:
1250 1555 1347 1620 extir-

204 1660 312 1744 panda
342 1662 426 1726 enirn
457 1662 487 1726 ei
509 1661 623 1726 fuisset
644 1681 662 1726 e
685 1663 804 1728 Genesi
826 1664 868 1727 ab
891 1664 962 1747 ipso
985 1662 1073 1728 edita
1097 1660 1345 1746 (goettingisehe

203 1767 349 1850 gelehrte
369 1768 526 1850 anzeigen
553 1768 647 1852 1870,
672 1769 770 1855 1558)
793 1769 902 1835 labris
924 1771 1054 1857 mentio,
1078 1790 1172 1851 quarn
1190 1787 1346 1852 persaepe

203 1873 244 1937 ab
275 1893 313 1937 eo
343 1873 511 1938 toleratam
542 1873 698 1938 novimus.
742 1875 792 1938 sin
815 1894 887 1939 eum
909 1875 995 1957 quod
1016 1882 1141 1941 veteres
1167 1894 1283 1938 nomen
1305 1872 1345 1936 de

203 1983 347 2044 oreatore
369 1978 610 2061 intellexissent,
633 1977 783 2041 καλοῦντι
804 1979 842 2041 τα·
864 1981 908 2062 μή
932 1979 1009 2040 ὄντα
1033 1977 1075 2051 ὠς
1097 1980 1174 2040 ὄντα
1198 1979 1293 2062 (Rom
1314 1979 1346 2058 4,

203 2082 260 2168 17)
290 2083 336 2147 ila
359 2083 528 2148 deflexisse
556 2089 720 2168 putemus,
753 2089 787 2147 ut
815 2083 870 2144 τὸν
897 2087 1056 2166 στήσαντα
1078 2084 1134 2157 ταὶς
1155 2082 1346 2159 ἐπαγγελίας
1377 2078 1383 2143 1

203 2187 407 2270 significaret,
430 2188 536 2252 omnia
558 2187 677 2272 optime
700 2187 923 2251 cohaerebunt.
967 2208 1042 2251 nam
1067 2186 1345 2268 haeegooireum·

203 2291 363 2357 loeutione
377 2290 483 2355 Exodi
498 2293 528 2374 6,
545 2293 630 2355 2-6
647 2291 822 2374 explanare
833 2311 884 2355 me
895 2310 990 2375 posse
1002 2290 1143 2355 conlido:
1160 2311 1220 2372 ego
1235 2290 1346 2355 Iahwe

202 2416 300 2460 vooor
321 2392 469 2476 idemque
492 2415 563 2459 sum
584 2395 638 2476 qui
661 2395 806 2479 patribus
835 2396 898 2460 tuis
920 2395 1082 2478 potentiae
1105 2383 1233 2476 quidem
1254 2413 1346 2458 meae

203 2500 393 2565 documenta
424 2499 502 2564 satis
532 2505 565 2572 et
593 2505 714 2581 magna
737 2505 768 2564 et
790 2499 889 2564 multa
913 2498 1005 2582 dedi,
1039 2498 1097 2562 sed
1118 2499 1346 2582 promissorum

203 2609 356 2668 statorem
377 2622 427 2666 me
450 2602 667 2667 demonstrare
689 2622 754 2667 non
776 2603 880 2686 potui:
905 2603 1023 2686 quippe
1039 2622 1101 2684 quo
1117 2603 1188 2684 quis
1203 2609 1346 2686 ternpore

203 2708 326 2790 aliquid
348 2729 382 2774 se
405 2707 563 2774 iacturum
584 2708 760 2792 pollieetur,
784 2707 895 2772 eodem
918 2728 990 2772 enm
1012 2728 1094 2790 quae
1115 2707 1275 2791 pollicitus
1298 2715 1347 2773 est

204 2812 319 2892 exequi
346 2832 411 2876 non
434 2811 585 2895 possein
608 2812 680 2895 ipsa
702 2831 806 2875 rerum
828 2817 944 2874 natura
966 2817 1023 2875 est.
1067 2831 1151 2875 nune
1173 2831 1248 2875 vero
1272 2832 1344 2875 eon·

204 2913 334 2978 ditionis
356 2934 376 2977 a
399 2933 449 2977 me
473 2911 619 3000 [Genesis
635 2911 686 2999 15]
710 2919 862 2997 aeeeptae
877 2933 997 2978 memor
1014 2912 1180 2978 ostendam
1194 2922 1278 2979 reete
1294 2936 1345 2981 me

203 3017 313 3082 Iabvis
336 3015 464 3081 nomine
487 3017 605 3100 vooari,
628 3015 662 3080 id
684 3022 733 3081 est
756 3037 827 3081 eum
846 3037 899 3082 me
922 3036 992 3081 esse
1016 3016 1140 3102 (latinis
1159 3018 1265 3083 verbis
1281 3039 1345 3083 non

203 3120 303 3184 latine
325 3117 450 3204 loquar)
475 3120 530 3201 qui
552 3139 635 3202 quae
657 3141 722 3184 non
743 3126 817 3184 sunt
838 3120 925 3185 entia
948 3103 1076 3184 fasciam.

290 3229 386 3306 atque
420 3229 454 3288 ut
487 3222 530 3288 ad
562 3229 710 3306 quartum
732 3223 941 3308 aeeedamus,
972 3223 1099 3290 videtur
1120 3224 1199 3289 milri
1221 3245 1262 3289 ex
1283 3225 1346 3290 buo
1376 3239 1377 3244 ’

204 3325 342 3394 nominis
363 3328 473 3393 Iahwe
494 3329 756 3412 interpretatione
779 3330 934 3413 explicari
956 3349 1059 3414 posse,
1082 3331 1136 3412 qui
1159 3330 1279 3395 laetum
1294 3331 1345 3414 sit,

204 3439 240 3498 ut
262 3432 356 3496 huius
378 3431 516 3497 nominis
537 3451 613 3496 urus
634 3434 668 3496 in
691 3430 932 3498 desuetudinem
954 3433 1078 3498 abierit.
1123 3432 1207 3515 quod
1224 3440 1345 3518 tempo-

203 3536 291 3601 ribus
312 3534 449 3599 turbidis
471 3535 589 3599 faetum
612 3555 682 3602 esse
697 3536 843 3620 arbitror,
865 3536 979 3618 quibus
995 3536 1177 3600 bominibus
1188 3537 1251 3620 piis
1263 3556 1346 3620 pene

203 3640 396 3721 sacrilegum
418 3637 588 3704 videbatur
610 3639 713 3723 deum,
738 3659 831 3721 quem
855 3639 1010 3723 apopulo
1026 3659 1083 3704 suo
1098 3638 1214 3702 iratum
1230 3639 1346 3704 faeiem

204 3743 359 3807 avertisse
379 3743 567 3826 cernebant,
599 3743 825 3826 promissorum
848 3748 999 3807 statorem
1022 3762 1147 3807 vooare.
1191 3763 1254 3807 non
1278 3749 1346 3807 erat
1377 3733 1382 3821 l

206 3862 296 3928 arar,
319 3846 373 3927 qui
395 3847 495 3910 servis
518 3847 583 3912 suis
605 3847 734 3930 pietatis
756 3853 788 3911 et
805 3847 932 3912 uirtmis
951 3847 1108 3931 promissa
1123 3846 1265 3930 praemia
1281 3867 1345 3911 non

203 3950 319 4014 dabat:
351 3970 449 4031 quare
478 3952 606 4015 nomine
635 3952 681 4016 uti
708 3952 839 4036 impium
862 3951 950 4016 oredi
974 3957 1118 4035 ooeptum
1141 3958 1198 4016 est.
1241 3958 1273 4015 et
1296 3953 1345 4016 Io·

202 4041 308 4120 beidis
339 4059 501 4117 auetorem
532 4055 724 4138 existimem,
758 4074 829 4119 eum
852 4055 978 4120 nomine
1001 4071 1080 4121 turn*
1102 4055 1136 4120 in
1159 4054 1291 4121 exordio
1314 4062 1346 4120 et

203 4157 405 4243 peroratione
428 4162 542 4241 utatur,
566 4157 600 4220 in
621 4159 693 4242 ipsa
716 4157 929 4222 dubitantium
940 4158 1172 4243 disceptatione
1188 4160 1344 4224 voeabula

204 4263 276 4350 abre,
299 4259 367 4325 solo
390 4260 535 4324 adhibito
558 4261 775 4345 significasse,
809 4260 1022 4326 diffidentium
1046 4282 1134 4347 esse,
1165 4269 1200 4327 ut
1217 4264 1345 4327 abiecta

202 4367 238 4430 in
260 4365 354 4430 deum
385 4364 517 4446 antiquo
548 4384 656 4430 amore
677 4366 885 4448 institutaque
909 4367 1045 4431 ecelesia
1067 4388 1145 4449 erga
1167 4386 1269 4448 genus
1293 4367 1344 4430 Iu·

203 4468 355 4533 daeorum
378 4468 569 4532 benevolum
592 4469 703 4559 (ηῃξ)
718 4470 790 4554 fide,
808 4470 916 4536 varias
932 4470 1108 4537 divinitatis
1121 4489 1179 4554 per
1191 4469 1344 4534 mundum

201 4572 384 4638 universum
406 4573 548 4638 lueentes
570 4571 846 4640 manifestationes
864 4571 1023 4662 (ussup)
1041 4592 1184 4640 moerore
1200 4573 1345 4658 oppressi
