3246 5264
760 433 781 476 V

180 594 240 630 rum
274 571 367 633 rerum
396 580 518 636 iudicem
552 583 828 652 experientissimum
856 591 886 638 et
914 585 1109 639 cautissimum
1132 603 1191 641 esse
1217 585 1325 640 scirem.

179 667 295 735 psalmis
312 669 412 740 primis
431 670 551 726 conlatis
570 673 746 742 deprehendi
764 673 918 728 editionem
938 690 953 726 e
973 674 1069 728 codice
1089 673 1254 729 coloniensis
1271 671 1327 726 mei

179 758 325 813 simillimo
344 761 470 816 fluxisse:
489 762 556 816 hinc
575 763 680 837 lactum
701 765 752 828 est,
772 765 805 816 ut
823 764 900 817 ultra
919 763 1059 832 psalmum
1076 782 1103 831 25
1116 781 1178 818 eam
1190 763 1325 818 adhihere

179 849 369 902 necessarium
388 869 443 904 non
463 851 615 906 videretur.

252 943 266 1001 ξ
284 943 327 994 est
344 942 434 996 edItio
453 943 587 997 versionis
606 945 720 998 nostrae
740 943 769 996 in
789 943 964 1014 quincuplici
981 944 1117 1014 psalterio
1132 960 1206 998 anno
1220 943 1327 998 domini

181 1045 240 1095 1509
259 1030 295 1083 ah
316 1031 436 1084 Henrico
455 1031 599 1100 Stephano
627 1033 705 1102 typis
734 1033 862 1102 excripto
890 1035 1027 1102 prostans.
1065 1032 1130 1087 vide
1156 1031 1327 1086 EGrcswelIi

179 1118 284 1172 librum
304 1138 320 1171 a
339 1121 403 1171 view
430 1124 467 1190 of
488 1123 528 1172 tire
552 1124 627 1190 early
649 1123 774 1190 parisien
797 1124 880 1193 precis
894 1141 974 1193 prese
995 1123 1079 1192 [1833]
1099 1122 1171 1188 165.
1208 1122 1326 1175 Iacobus

176 1205 270 1267 Faber
289 1208 457 1276 stapulensis
476 1211 637 1279 exemplum
656 1213 838 1282 typographo
862 1211 1074 1281 suppeditatum
1094 1210 1176 1264 libris
1195 1229 1211 1262 a
1226 1210 1283 1279 piis
1301 1215 1327 1262 et

179 1298 308 1366 retiyiosis
324 1285 390 1350 siris
412 1299 543 1352 Oartusiis
561 1305 586 1351 et
607 1301 746 1353 Gelestinis
760 1301 962 1370 parisiensibus
976 1304 1074 1354 mutuo
1089 1300 1163 1354 datis
1177 1317 1243 1353 usus
1253 1316 1327 1354 anno

181 1392 240 1452 1508
259 1388 287 1438 in
314 1389 437 1440 coenobio
466 1389 553 1440 sancti
583 1391 716 1441 Germani
738 1407 822 1458 prope
853 1408 943 1442 neuros
970 1389 1132 1458 parisienses
1160 1389 1326 1457 sumpserat:

180 1492 250 1541 quos
270 1475 379 1528 codices
397 1494 471 1530 nunc
489 1475 520 1529 in
537 1477 713 1532 bibliotheca
733 1479 856 1532 maxima
869 1477 1018 1546 parisiensi
1031 1477 1138 1532 servari
1149 1475 1326 1531 crediderim.

252 1581 273 1628 φ
292 1562 381 1617 editio
406 1564 572 1634 Hieronymi
596 1566 632 1619 ab
655 1567 770 1620 Erasmo
794 1568 893 1621 curata
912 1568 941 1620 et
960 1566 1089 1620 Basileac
1108 1565 1187 1634 typis
1205 1565 1327 1619 Frobeni

180 1669 254 1706 anno
275 1657 334 1718 1526
353 1653 383 1706 in
411 1654 503 1708 luceru
527 1655 637 1710 emissa.
669 1655 836 1724 psalterium
862 1657 991 1710 nostrum
1018 1653 1125 1724 legitur
1153 1655 1230 1707 tomo
1251 1653 1326 1706 VIII.

180 1740 330 1820 debueram
361 1741 548 1796 erasmianam
575 1743 696 1812 primam
725 1744 864 1808 conferre,
896 1744 945 1798 sed
971 1761 1028 1811 quo
1053 1745 1180 1812 tempore
1199 1741 1236 1795 ad
1255 1742 1325 1795 haec

180 1829 274 1883 studia
292 1831 470 1897 accedebam,
490 1833 583 1910 prima
602 1833 653 1888 illa
671 1834 817 1904 procurari
832 1851 888 1888 non
898 1835 1020 1904 poterat,
1041 1849 1133 1900 neque
1149 1832 1248 1900 postea
1262 1847 1327 1900 ope·

180 1937 228 1973 rae
256 1919 380 1988 pretium
409 1921 560 1976 videbatur
584 1921 619 1976 de
644 1941 677 1977 ea
697 1940 840 1990 quaerere.
879 1939 944 1976 narn
964 1939 979 1976 e
997 1920 1173 1991 praefatione
1193 1920 1328 1974 Amorba-
1368 1908 1369 1912 ¹

180 2008 306 2062 chiorum
327 2009 454 2064 Basileae
472 2011 541 2064 VIII
560 2012 614 2065 Kal
633 2009 780 2081 Septryrh
800 2013 906 2081 scripta
931 2013 961 2066 et
979 2011 1009 2064 in
1033 2008 1251 2080 repetitionibus
1271 2025 1327 2063 om·

179 2097 264 2152 nibus
293 2099 405 2151 servata
433 2099 602 2169 bibliopolas
634 2101 775 2154 Chauradi
801 2101 925 2152 Palicani
947 2099 1149 2169 Rubeuquensis
1167 2116 1200 2150 er
1210 2097 1328 2167 sarcilia

180 2185 236 2238 disi
253 2187 396 2238 Hancmci
405 2203 490 2256 opera
504 2187 535 2241 in
545 2187 710 2244 adornanda
723 2189 848 2244 editione
859 2207 909 2243 sua
921 2206 985 2243 usos
995 2205 1054 2243 esse
1065 2186 1206 2251 discimus,
1221 2185 1327 2240 acuius

180 2275 310 2329 doctrina
338 2275 481 2331 recessisse
500 2277 550 2344 qui
569 2278 816 2332 amorbachianam
834 2276 1043 2346 repetirerunt‚
1074 2292 1131 2329 non
1150 2273 1327 2336 crediderim,

180 2365 222 2419 ita
236 2367 324 2420 utme
337 2365 397 2420 sine
410 2366 513 2420 damno
524 2367 744 2422 amorbachiano
756 2367 829 2422 libro
843 2367 905 2436 ipso
917 2367 1038 2421 caruisse
1053 2367 1160 2435 putem.
1189 2361 1327 2419 iuvatad·

181 2456 304 2512 scrihere
331 2473 403 2524 quae
430 2456 612 2512 Amorhachii
631 2457 660 2512 in
680 2457 856 2526 praefatione
876 2457 970 2512 media
988 2457 1097 2510 habent
1115 2455 1265 2524 eremplari
1279 2472 1326 2506 ce-

180 2553 239 2599 neto
258 2545 397 2616 [psalterii
416 2546 553 2618 hebraici]
585 2567 644 2601 cum
672 2547 859 2601 vetustissimis
890 2548 1058 2616 Hieronymi
1084 2546 1217 2600 codicibus
1236 2545 1328 2599 multis

180 2639 243 2690 iocis
261 2654 314 2688 nan
333 2637 511 2690 conueniebat.

251 2746 272 2796 μ
291 2725 460 2795 psalterium
479 2726 561 2780 iuxta
579 2727 723 2782 Hebraeos
742 2747 759 2782 a
777 2728 902 2782 Iohanne
922 2725 1082 2795 Martianay
1101 2725 1233 2780 Lutetiae
1250 2725 1328 2778 Pari-

179 2815 284 2869 siorum
310 2832 384 2868 anno
404 2820 462 2882 1693
482 2815 558 2869 inter
583 2833 669 2885 opera
686 2816 853 2884 Hieronymi
872 2817 885 2868 l
904 2820 1032 2883 835-938
1053 2815 1169 2869 editum.
1206 2813 1257 2881 qui
1276 2813 1328 2866 Pa-

180 2905 260 2959 risios
279 2904 357 2958 adire
375 2905 496 2973 poterit,
515 2904 641 2958 codicem
662 2911 737 2972 11936
758 2905 948 2959 bibliothecae
968 2903 1108 2957 maximae
1128 2902 1279 2971 inspiciat,
1300 2903 1329 2954 in

180 3011 237 3060 quo
265 2991 398 3046 Iohannis
423 2991 585 3060 Martianay
613 2991 720 3061 scripta
745 2993 781 3046 ad
807 2992 961 3047 bibliorum
990 2991 1144 3046 editionem
1170 2991 1329 3060 spectantia

180 3084 293 3136 servata
311 3081 384 3134 sunt.
421 3079 530 3134 codices
550 3097 567 3134 a
584 3081 709 3134 Iohanne
728 3081 890 3150 Martianay
909 3081 1053 3135 adhibitos
1072 3081 1146 3134 infra
1163 3080 1326 3134 recensebo:

179 3172 233 3224 hoc
252 3171 314 3224 loco
333 3169 362 3222 id
374 3168 541 3234 addiderim,
560 3170 675 3224 Petrum
693 3169 824 3224 Sabatier
839 3169 869 3223 in
882 3169 1036 3224 bibliorum
1046 3169 1143 3224 latinis
1152 3168 1328 3222 versionibus

180 3257 308 3326 antiquis
326 3259 362 3312 ab
381 3276 410 3312 se
430 3257 514 3311 editis
533 3257 560 3310 II
579 3263 593 3309 8
614 3257 721 3326 [Remis
741 3259 813 3328 1743]
833 3258 903 3312 haec
923 3258 1045 3312 scribere
1059 3258 1254 3310 adversionem
1268 3258 1327 3308 lati·

180 3367 244 3401 nam
258 3349 422 3416 Hieronymi
438 3365 469 3400 ea
488 3347 600 3400 hebraea
617 3347 690 3416 quod
701 3349 805 3412 attinet,
826 3347 884 3416 ipsa
899 3347 1022 3400 columna
1034 3347 1194 3400 intermedia
1206 3347 1327 3416 typisque

181 3437 313 3490 distinctis
330 3437 490 3501 excudetur,
517 3437 615 3506 iliaque
633 3439 808 3506 praeferetur
827 3455 843 3488 a
863 3437 936 3489 nobis
954 3437 1051 3500 editio,
1079 3455 1147 3506 quae
1166 3454 1219 3489 nen
1239 3437 1328 3488 multis

180 3529 275 3580 adhinc
293 3529 372 3580 annis
386 3529 490 3597 prodiit
508 3528 537 3580 in
551 3526 691 3596 publicum
709 3527 797 3579 studio
817 3532 841 3578 et
861 3545 942 3596 opera
963 3527 981 3578 d
998 3527 1085 3579 nostri
1102 3527 1234 3578 Iohannis
1247 3527 1327 3578 Mar-

181 3616 283 3668 tianaei
299 3617 354 3684 [ita
371 3616 433 3684 ille]
454 3623 480 3668 to
500 3615 521 3666 I
535 3598 693 3668 novissimae
712 3615 835 3667 editionis
853 3633 963 3684 operum
982 3615 1179 3684 sHierenymi,
1198 3613 1324 3678 Parisiis,

181 3723 252 3757 unna
272 3711 340 3772 1693.
378 3704 506 3772 sequitur
523 3721 592 3773 opus
611 3721 738 3759 remense
758 3705 839 3758 nobis
859 3703 962 3757 inutile
982 3720 1050 3758 esse.
1100 3713 1103 3720 '

253 3793 454 3862 dpsaltcrium
481 3793 562 3848 iuxta
591 3794 733 3847 Hebraeos
764 3811 781 3846 a
803 3791 951 3847 Dominico
978 3792 1117 3848 Vallarsio
1143 3793 1219 3847 inter
1242 3809 1327 3860 opera

181 3880 347 3948 Hieronymi
366 3881 494 3934 Veronae
512 3881 593 3934 annis
613 3900 774 3948 1734-1742
793 3882 892 3936 curata
911 3880 1020 3934 editum
1039 3881 1078 3934 IX
1099 3899 1157 3948 1153
1178 3897 1257 3956 seqq.
1291 3880 1326 3934 de

181 3967 365 4039 pentateuchi
378 3969 505 4022 versione
520 3969 611 4022 latina
622 3986 707 4040 agens
720 3970 839 4024 Karolus
848 3968 1013 4025 Vercellone
1027 3987 1100 4024 anno
1117 3975 1177 4022 1860
1191 3969 1221 4022 in
1235 3969 1327 4024 varia·

181 4079 244 4113 rum
256 4058 410 4113 lectionum
429 4057 564 4126 vulgatae
575 4057 683 4111 latinae
698 4058 852 4112 bibliorum
864 4057 996 4112 editionis
1009 4059 1085 4112 tomo
1103 4058 1195 4128 primo
1205 4058 1327 4112 lxxxviii

180 4150 270 4220 quoad
286 4148 437 4200 veronensis
456 4147 579 4198 editionis
598 4153 699 4201 tentum
722 4145 824 4214 inquit,
843 4148 974 4216 sipiares
993 4149 1102 4200 mendas
1120 4167 1136 4200 a
1151 4150 1327 4217 typoyraphis

181 4239 284 4292 additas
302 4237 427 4306 sumpius,
449 4253 533 4288 unum
551 4236 670 4305 idemque
688 4253 742 4288 esse
762 4253 822 4288 earn
836 4236 984 4305 parisiensi
997 4235 1217 4306 [Maurinorum]
1230 4236 1326 4287 saltem

181 4331 270 4400 qriodd
275 4327 482 4402 pentateuchum
486 4326 611 4397 fidenter
625 4326 774 4380 asserimus.
811 4343 884 4393 quae
898 4325 947 4380 ille
960 4325 995 4378 de
1008 4326 1200 4394 pentateucho
1213 4325 1325 4378 Vallar-

181 4420 217 4474 sii
232 4419 313 4484 dixit,
329 4435 381 4488 ego
400 4417 434 4471 de
449 4417 583 4486 psalterIo
594 4415 719 4470 eiusdem
737 4415 856 4470 dicenda
872 4416 972 4479 habeo,
988 4415 1043 4468 nisi
1057 4415 1132 4484 quod
1141 4413 1327 4468 inveniuntur

180 4507 236 4564 loci
247 4505 389 4576 perpauci,
400 4505 502 4573 quibus
511 4504 604 4560 editor
612 4503 774 4560 veronensis
785 4503 947 4558 aMaurinis
957 4503 1086 4559 recedere
1096 4521 1179 4558 ausus
1189 4504 1245 4558 cst:
1256 4519 1326 4569 quos
