3232 5256
712 443 772 506 151

187 609 306 691 populo
340 628 415 693 suo,
451 616 483 674 et
515 611 673 676 exaltabit
704 617 887 677 mansuetos
920 613 954 676 in
985 613 1069 678 Iesu.
1120 612 1330 678 ⁵exultabuut

188 711 292 776 sancti
321 712 355 778 iu
385 713 506 796 gloria,
538 713 717 779 laudabunt
738 717 772 779 in
794 715 954 780 cubilibus
975 717 1050 810 suis.
1097 715 1330 781 ⁶exultatioucs

188 813 242 878 dei
264 815 297 880 in
320 821 447 898 gutture
471 836 595 900 eorum,
625 824 657 882 et
679 818 780 900 gladii
806 820 963 904 ancipites
985 820 1019 884 in
1041 820 1188 885 manibus
1211 841 1331 904 eorum,

192 916 255 982 ⁷ad
276 918 457 986 faciendam
479 920 654 986 vindictam
677 923 710 985 in
732 923 896 1006 gentibus,
919 924 1154 1008 increpationes
1176 924 1209 988 in
1232 944 1331 1007 popu-

189 1023 239 1087 lis.
285 1022 342 1088 ⁸ut
364 1024 499 1107 alligent
520 1045 613 1108 reges
636 1045 745 1094 eorum
768 1029 900 1110 catenis,
922 1035 955 1092 et
976 1028 1102 1093 inclitos
1122 1048 1230 1093 eorum
1249 1049 1332 1093 com·

189 1126 325 1210 pedibus
348 1127 468 1194 ferreis.
513 1127 570 1193 ⁹ut
596 1129 718 1194 faciant
740 1131 775 1195 in
797 1131 843 1195 eis
865 1130 1017 1196 iudicium
1038 1133 1206 1216 scriptum:
1240 1131 1334 1198 decor

191 1237 241 1296 est
262 1232 403 1296 omnium
425 1239 608 1297 sanctorum
630 1234 707 1299 eius.
751 1234 892 1299 alleluia.

737 1339 800 1402 150

266 1423 447 1505 '‘Laudate
469 1439 631 1505 dominum
653 1442 687 1506 in
709 1447 819 1506 saneto
842 1442 920 1525 eius,
942 1440 1072 1506 laudate
1096 1460 1168 1504 cum
1190 1441 1224 1504 in
1245 1439 1330 1504 forti-
1350 1470 1395 1518 149

193 1542 304 1607 tudine
333 1543 496 1628 potentiae
525 1545 605 1609 cius.
649 1543 799 1610 21audate
830 1565 902 1609 cum
930 1544 964 1607 in
994 1542 1235 1608 fortitudinibus
1257 1543 1336 1626 eius,

194 1647 324 1713 laudate
356 1667 429 1712 eum
459 1649 550 1713 iuxta
580 1648 814 1713 multitudinem
837 1647 1095 1730 magnificentiae
1117 1665 1204 1711 suae.
1250 1645 1337 1712 ³lau-

194 1752 270 1818 date
299 1774 371 1818 eum
400 1755 434 1819 in
460 1755 614 1838 clangore
641 1756 797 1838 bucinae,
827 1753 957 1819 laudato
980 1773 1052 1818 eum
1074 1753 1107 1817 in
1130 1752 1283 1836 psalterio
1306 1760 1337 1818 et

197 1858 328 1924 cithara.
372 1858 525 1924 ⁴laudate
548 1881 619 1925 eum
640 1861 674 1924 in
696 1868 849 1944 tympano
873 1864 904 1924 et
928 1859 1041 1934 choro,
1062 1855 1194 1922 laudate
1217 1876 1289 1921 eum
1303 1857 1338 1921 in

195 1962 322 2029 chordis
355 1970 388 2028 et
421 1984 552 2046 organo.
598 1963 753 2029 ⁵laudate
787 1984 858 2029 eum
887 1963 921 2027 in
950 1961 1107 2046 cymbalis
1140 1959 1338 2043 sonantibus,
1416 1950 1421 1957 ’

194 2067 326 2134 laudate
360 2089 432 2133 eum
464 2069 498 2132 in
532 2069 690 2154 cymbalis
717 2069 936 2135 tinnientibus.
981 2067 1097 2134 6omne
1119 2065 1205 2150 quod
1227 2066 1338 2150 spirat,
1385 2098 1390 2108 ·

194 2171 305 2236 laudet
326 2171 497 2236 dominum.

725 2276 808 2341 151*

287 2377 425 2443 ¹David.
471 2385 562 2442 extra
591 2397 764 2444 numerum.
808 2399 879 2443 cum
911 2379 1070 2463 pugnavit
1101 2398 1174 2443 oum
1196 2376 1396 2463 Goliath.150

199 2483 361 2550 2Pusillus
393 2504 480 2548 eram
510 2484 592 2548 inter
621 2483 737 2549 fratres
765 2504 853 2548 meos
875 2489 907 2548 et
929 2482 1162 2550 adolescentior
1186 2483 1219 2546 in
1243 2481 1336 2548 domo

197 2588 298 2672 patris
330 2589 402 2654 mei.
448 2574 641 2673 ³pascebam
674 2608 750 2654 oves
772 2589 872 2672 patris
896 2589 975 2652 mci:
1011 2607 1124 2652 manus
1146 2607 1237 2652 meae
1260 2587 1342 2652 fece-

199 2700 272 2757 runt
302 2713 475 2776 organum,
509 2692 602 2775 digiti
632 2693 695 2757 mci
727 2698 921 2776 aptaverunt
954 2692 1150 2776 psalterium.
1193 2691 1247 2757 ⁴et
1271 2694 1342 2774 quis

198 2797 403 2862 adnuntiavit
424 2797 551 2861 domino
574 2799 670 2861 meo?
714 2798 784 2880 ipse
807 2797 967 2879 domiuus,
991 2797 1060 2879 ipsc
1083 2797 1223 2860 omnium
1246 2816 1343 2860 exau-

201 2900 277 2966 diet.
320 2900 408 2984 ⁵ipse
430 2900 517 2963 misit
537 2899 689 2980 angelum
711 2918 811 2981 suum,
835 2905 867 2962 et
888 2898 961 2962 tulit
982 2919 1032 2963 me
1055 2899 1095 2963 dc
1119 2900 1357 2984 ovibuspatris'

201 3005 273 3086 mei,
297 3010 329 3067 et
349 3002 442 3066 unxit
462 3021 513 3065 me
534 3001 569 3064 in
586 2999 804 3065 misericordia
824 3001 982 3065 unctionis
994 3020 1081 3065 suae.
1129 3000 1265 3067 ⁶tratres
1281 3005 1345 3068 mei

201 3107 279 3172 boni
300 3113 332 3171 et
353 3105 474 3188 magni,
496 3111 528 3168 et
547 3125 610 3169 non
626 3103 686 3168 fuit
701 3089 935 3190 beneplacitum
949 3104 984 3169 in
999 3104 1045 3170 eis
1059 3104 1197 3170 domino.
1242 3105 1345 3173 lexivi
1423 3094 1428 3100 ³

271 3300 288 3385 '4
306 3320 336 3374 a
353 3323 382 3377 >
402 3317 509 3387 epau
525 3317 529 3382 l
544 3336 561 3381 4
576 3315 613 3368 aa
632 3315 774 3370 exaltata
785 3315 990 3386 sgroaficasa
1005 3315 1009 3382 Ι
1025 3315 1158 3380 aaran
1170 3314 1193 3367 s
1204 3315 1341 3385 alstemi

199 3431 213 3477 5
234 3407 427 3463 misericordes
447 3405 516 3474 Sl5
532 3423 584 3474 pro
603 3404 763 3459 laudabunt
782 3405 807 3456 Z
824 3404 1008 3460 laetabuntur
1024 3408 1028 3468 l
1045 3410 1059 3456 6
1078 3404 1283 3459 exsultationes
1296 3410 1345 3474 βμ.

200 3496 389 3553 exaltationes
407 3496 487 3563 pBR
503 3496 507 3560 Ι
524 3513 537 3561 7
548 3498 596 3565 fin
614 3494 747 3562 plebibus
766 3494 788 3545 S
810 3497 815 3560 Ι
837 3499 851 3546 8
870 3492 993 3562 inclytos
1014 3495 1099 3556 GWl
1122 3499 1136 3544 8
1156 3504 1215 3545 ante
1234 3510 1346 3562 compe-

200 3587 283 3642 dibus
304 3591 333 3650 -Ι-
355 3585 385 3638 in
404 3588 440 3650 ξφ
462 3585 467 3650 Ι
491 3603 506 3650 9
524 3583 714 3652 conscriptum
737 3585 814 3655 βμξφ
837 3584 842 3652 Ι
863 3602 878 3650 9
900 3583 1030 3636 omnibus
1055 3581 1284 3636 misericordibus
1304 3582 1343 3652 S}

200 3697 215 3744 9
233 3675 370 3732 halleluia
388 3693 418 3742 φ,
436 3678 470 3738 >
490 3673 541 3738 ER,
560 3692 611 3742 quo
630 3673 748 3727 alleluia
763 3673 900 3741 pertineat
918 3673 945 3724 in
968 3671 1072 3737 cWZ,
1090 3671 1210 3724 incertas
1229 3671 1345 3744 haereo!

202 3787 220 3836 ι,
234 3783 328 3834 praem
347 3762 533 3832 alleluiata,
562 3761 660 3816 halelu
678 3761 707 3815 ia
725 3761 820 3816 halelu
842 3761 871 3814 ia
889 3763 918 3825 ξ,
944 3760 1082 3816 halleluia
1100 3779 1136 3828 φ,
1155 3758 1273 3814 alleluia
1292 3777 1347 3814 vox

202 3853 302 3908 christi
327 3854 392 3921 post
416 3851 485 3904 sciri
506 3851 649 3905 devictum
674 3850 704 3904 iu
722 3867 810 3920 regno
828 3867 878 3904 suo
896 3849 1031 3904 laetantis
1049 3851 1078 3902 R
1099 3851 1103 3916 Ι
1127 3849 1153 3902 1²
1170 3849 1348 3902 firmamento

201 3939 378 3996 idrtitudinis
398 3939 420 3990 S
435 3939 439 4004 Ι
456 3958 468 3991 1
488 3937 617 4006 potentia
636 3938 663 3989 12
679 3938 683 4004 Ι
700 3957 712 4004 3
733 3939 848 4006 cythara
874 3940 928 3991 GR
936 3939 995 3991 WZ
1009 3942 1013 4003 Ι
1029 3957 1045 4002 4
1060 3937 1227 4006 timpanoR
1242 3937 1247 4004 Ι
1262 3954 1347 4002 acor·

203 4033 245 4086 dis
269 4031 372 4096 01215
384 4032 432 4100 fin
450 4027 616 4082 timentibus
635 4027 678 4095 R,
696 4026 875 4082 iubilationis
895 4028 916 4079 S
938 4029 942 4094 Ι
964 4031 977 4079 6
987 4029 1036 4098 fin
1057 4031 1087 4090 Ι
1108 4025 1227 4084 alleluia
1244 4032 1292 4094 βμ,
1314 4030 1344 4090 Ι-

201 4121 340 4190 halleluja
360 4139 381 4187 φ
398 4122 402 4184 Ι
419 4123 433 4170 6
435 4121 483 4188 fin
494 4117 526 4169 N
543 4118 647 4186 „rolua“
665 4117 785 4186 explicit
794 4117 969 4186 psalterium.
990 4119 1056 4171 sunt
1066 4116 1096 4170 in
1105 4115 1242 4185 psalterio
1252 4133 1349 4170 versus

202 4215 237 4268 II.
247 4213 280 4268 D.
291 4209 406 4265 XXVII.
425 4207 539 4260 eandem
551 4224 691 4260 numeram
702 4216 796 4273 723&
807 4214 850 4294 Ἰ)
862 4205 961 4258 babent
969 4204 1094 4258 Hebraei
1108 4206 1111 4271 Ι
1130 4209 1195 4256 1-8
1209 4211 1237 4265 >
1248 4205 1325 4272 ῥμξφ
1340 4201 1344 4273 Ι

204 4323 215 4358 1
235 4301 359 4371 psalmus
379 4296 462 4351 david
482 4296 594 4365 proprie
613 4296 695 4350 extra
712 4311 862 4348 numerum
881 4312 934 4350 vox
948 4291 1048 4347 christi
1060 4291 1097 4346 ad
1110 4291 1235 4346 seculum
1246 4306 1349 4358 exope-

202 4388 293 4443 rantis
311 4387 339 4440 R
355 4389 358 4454 Ι
376 4407 388 4440 1
408 4384 545 4455 puonavit
570 4385 620 4450 Wl
639 4404 650 4437 r
674 4382 769 4454 goliad
789 4381 876 4448 eWt
892 4380 1120 4438 radolisecntior
1131 4381 1168 4443 R,
1186 4378 1349 4433 adulescen-

203 4480 259 4534 tior
284 4478 343 4532 WZ
357 4481 362 4542 Ι
378 4495 391 4542 3
410 4491 511 4528 manus
531 4480 561 4536 >
582 4475 612 4527 Β
628 4479 631 4540 Ι
648 4493 664 4538 4
682 4472 830 4528 exaudivit
841 4474 873 4530 ,Ζ
887 4472 892 4541 Ι
908 4491 920 4539 5
941 4474 971 4528 et
990 4470 1074 4526 unxit
1093 4487 1138 4524 me
1143 4469 1250 4538 pernice
1264 4468 1348 4523 deletu

205 4573 233 4623 r'a
254 4570 280 4621 R
