<?xml version="1.0" encoding="UTF-8"?>
<!DOCTYPE html PUBLIC "-//W3C//DTD XHTML 1.0 Transitional//EN"
    "http://www.w3.org/TR/xhtml1/DTD/xhtml1-transitional.dtd">
<html xmlns="http://www.w3.org/1999/xhtml" xml:lang="en" lang="en">
 <head>
  <title>
</title>
<meta http-equiv="Content-Type" content="text/html;charset=utf-8" />
  <meta name='ocr-system' content='tesseract 3.04.00' />
  <meta name='ocr-capabilities' content='ocr_page ocr_carea ocr_par ocr_line ocrx_word'/>
</head>
<body>
  <div class='ocr_page' id='page_1' title='image "./psalteriumiuxta00lagagoog_0182.png"; bbox 0 0 3232 5256; ppageno 0'>
   <div class='ocr_carea' id='block_1_1' title="bbox 716 397 775 461">
    <p class='ocr_par' dir='ltr' id='par_1_1' title="bbox 716 397 775 461">
     <span class='ocr_line' id='line_1_1' title="bbox 716 397 775 461; baseline 0 -1"><span class='ocrx_word' id='word_1_1' title='bbox 716 397 775 461; x_wconf 85' lang='grc'>161</span> 
     </span>
    </p>
   </div>
   <div class='ocr_carea' id='block_1_2' title="bbox 110 567 1379 4500">
    <p class='ocr_par' dir='ltr' id='par_1_2' title="bbox 110 567 1379 4500">
     <span class='ocr_line' id='line_1_2' title="bbox 737 567 786 630; baseline 0 0"><span class='ocrx_word' id='word_1_2' title='bbox 737 567 786 630; x_wconf 89' lang='lat' dir='ltr'>Ill</span> 
     </span>
     <span class='ocr_line' id='line_1_3' title="bbox 272 669 1330 758; baseline 0.001 -22"><span class='ocrx_word' id='word_1_3' title='bbox 272 669 311 736; x_wconf 86' lang='lat' dir='ltr'>In</span> <span class='ocrx_word' id='word_1_4' title='bbox 348 669 431 736; x_wconf 90' lang='lat' dir='ltr'>libro</span> <span class='ocrx_word' id='word_1_5' title='bbox 472 670 678 753; x_wconf 87' lang='lat' dir='ltr'>gesammcltc</span> <span class='ocrx_word' id='word_1_6' title='bbox 720 671 973 753; x_wconf 82' lang='lat' dir='ltr'>abhandlungen</span> <span class='ocrx_word' id='word_1_7' title='bbox 1010 669 1118 758; x_wconf 83' lang='grc'><strong>[1866)</strong></span> <span class='ocrx_word' id='word_1_8' title='bbox 1159 673 1330 738; x_wconf 76' lang='lat' dir='ltr'>rel-165</span> 
     </span>
     <span class='ocr_line' id='line_1_4' title="bbox 186 773 1330 862; baseline 0 -22"><span class='ocrx_word' id='word_1_9' title='bbox 186 774 312 862; x_wconf 82' lang='lat' dir='ltr'>(confer</span> <span class='ocrx_word' id='word_1_10' title='bbox 334 773 474 841; x_wconf 79' lang='lat' dir='ltr'>Genesin</span> <span class='ocrx_word' id='word_1_11' title='bbox 497 795 518 838; x_wconf 95' lang='lat' dir='ltr'>a</span> <span class='ocrx_word' id='word_1_12' title='bbox 540 793 590 838; x_wconf 90' lang='lat' dir='ltr'>me</span> <span class='ocrx_word' id='word_1_13' title='bbox 610 793 726 856; x_wconf 81' lang='lat' dir='ltr'>graece</span> <span class='ocrx_word' id='word_1_14' title='bbox 743 774 862 840; x_wconf 88' lang='lat' dir='ltr'>editam</span> <span class='ocrx_word' id='word_1_15' title='bbox 876 773 955 859; x_wconf 83' lang='grc'><strong>211)</strong></span> <span class='ocrx_word' id='word_1_16' title='bbox 977 773 1093 840; x_wconf 82' lang='lat' dir='ltr'>festum</span> <span class='ocrx_word' id='word_1_17' title='bbox 1111 776 1217 840; x_wconf 87' lang='lat' dir='ltr'>Purim</span> <span class='ocrx_word' id='word_1_18' title='bbox 1235 777 1330 859; x_wconf 85' lang='lat' dir='ltr'>crigi-</span> 
     </span>
     <span class='ocr_line' id='line_1_5' title="bbox 185 877 1329 964; baseline 0.003 -21"><span class='ocrx_word' id='word_1_19' title='bbox 185 880 236 944; x_wconf 86' lang='lat' dir='ltr'>nis</span> <span class='ocrx_word' id='word_1_20' title='bbox 258 881 403 964; x_wconf 79' lang='lat' dir='ltr'>persicae</span> <span class='ocrx_word' id='word_1_21' title='bbox 425 898 496 945; x_wconf 91' lang='lat' dir='ltr'>esse</span> <span class='ocrx_word' id='word_1_22' title='bbox 519 877 751 944; x_wconf 84' lang='lat' dir='ltr'>demonstravi:</span> <span class='ocrx_word' id='word_1_23' title='bbox 774 899 858 944; x_wconf 91' lang='lat' dir='ltr'>nunc</span> <span class='ocrx_word' id='word_1_24' title='bbox 881 899 963 962; x_wconf 89' lang='lat' dir='ltr'>quae</span> <span class='ocrx_word' id='word_1_25' title='bbox 987 878 1152 945; x_wconf 82' lang='lat' dir='ltr'>damandi</span> <span class='ocrx_word' id='word_1_26' title='bbox 1167 881 1329 946; x_wconf 80' lang='lat' dir='ltr'>creatione</span> 
     </span>
     <span class='ocr_line' id='line_1_6' title="bbox 184 959 1368 1087; baseline 0 -39"><span class='ocrx_word' id='word_1_27' title='bbox 184 984 219 1048; x_wconf 95' lang='lat' dir='ltr'>in</span> <span class='ocrx_word' id='word_1_28' title='bbox 242 984 378 1050; x_wconf 84' lang='lat' dir='ltr'>Genesis</span> <span class='ocrx_word' id='word_1_29' title='bbox 401 983 505 1067; x_wconf 88' lang='lat' dir='ltr'>eapite</span> <span class='ocrx_word' id='word_1_30' title='bbox 527 983 629 1067; x_wconf 90' lang='lat' dir='ltr'>primo</span> <span class='ocrx_word' id='word_1_31' title='bbox 653 983 813 1067; x_wconf 90' lang='lat' dir='ltr'>leguntur,</span> <span class='ocrx_word' id='word_1_32' title='bbox 837 983 981 1048; x_wconf 91' lang='lat' dir='ltr'>aPersis</span> <span class='ocrx_word' id='word_1_33' title='bbox 995 982 1038 1046; x_wconf 92' lang='lat' dir='ltr'>ad</span> <span class='ocrx_word' id='word_1_34' title='bbox 1050 983 1187 1049; x_wconf 88' lang='lat' dir='ltr'>Iudaeos</span> <span class='ocrx_word' id='word_1_35' title='bbox 1205 986 1330 1068; x_wconf 90' lang='lat' dir='ltr'>perlata</span> <span class='ocrx_word' id='word_1_36' title='bbox 1361 959 1368 1087; x_wconf 82' lang='grc'><strong>)</strong></span> 
     </span>
     <span class='ocr_line' id='line_1_7' title="bbox 184 1085 1331 1172; baseline 0 -20"><span class='ocrx_word' id='word_1_37' title='bbox 184 1107 256 1152; x_wconf 84' lang='grc'><strong>0000</strong></span> <span class='ocrx_word' id='word_1_38' title='bbox 286 1085 521 1172; x_wconf 86' lang='lat' dir='ltr'>demonstrabo.</span> <span class='ocrx_word' id='word_1_39' title='bbox 564 1087 751 1152; x_wconf 89' lang='lat' dir='ltr'>Bactrcrum</span> <span class='ocrx_word' id='word_1_40' title='bbox 777 1087 908 1170; x_wconf 79' lang='lat' dir='ltr'>liturgia</span> <span class='ocrx_word' id='word_1_41' title='bbox 929 1087 1153 1170; x_wconf 89' lang='lat' dir='ltr'>antiquissima</span> <span class='ocrx_word' id='word_1_42' title='bbox 1174 1089 1331 1172; x_wconf 86' lang='lat' dir='ltr'>Vispercd</span> 
     </span>
     <span class='ocr_line' id='line_1_8' title="bbox 186 1191 1330 1277; baseline 0 -21"><span class='ocrx_word' id='word_1_43' title='bbox 186 1191 243 1274; x_wconf 87' lang='lat'>(=</span> <span class='ocrx_word' id='word_1_44' title='bbox 258 1193 480 1276; x_wconf 73' lang='grc' dir='ltr'><strong>010010010οὂ</strong></span> <span class='ocrx_word' id='word_1_45' title='bbox 502 1211 607 1255; x_wconf 83' lang='lat' dir='ltr'>omnes</span> <span class='ocrx_word' id='word_1_46' title='bbox 629 1191 762 1277; x_wconf 77' lang='grc'><strong>01000101)</strong></span> <span class='ocrx_word' id='word_1_47' title='bbox 785 1191 872 1256; x_wconf 78' lang='grc'><strong>(11010</strong></span> <span class='ocrx_word' id='word_1_48' title='bbox 901 1191 1009 1276; x_wconf 86' lang='lat' dir='ltr'>statim</span> <span class='ocrx_word' id='word_1_49' title='bbox 1036 1192 1071 1256; x_wconf 94' lang='lat' dir='ltr'>in</span> <span class='ocrx_word' id='word_1_50' title='bbox 1093 1193 1250 1276; x_wconf 88' lang='lat' dir='ltr'>principio</span> <span class='ocrx_word' id='word_1_51' title='bbox 1272 1213 1330 1258; x_wconf 80' lang='lat' dir='ltr'>sex</span> 
     </span>
     <span class='ocr_line' id='line_1_9' title="bbox 183 1284 1330 1381; baseline 0.003 -25"><span class='ocrx_word' id='word_1_52' title='bbox 183 1300 330 1379; x_wconf 87' lang='lat' dir='ltr'>tempora</span> <span class='ocrx_word' id='word_1_53' title='bbox 352 1295 435 1360; x_wconf 88' lang='lat' dir='ltr'>festa</span> <span class='ocrx_word' id='word_1_54' title='bbox 454 1295 559 1380; x_wconf 83' lang='lat' dir='ltr'>(nuno</span> <span class='ocrx_word' id='word_1_55' title='bbox 574 1284 745 1377; x_wconf 76' lang='lat' dir='ltr'>gabanbar</span> <span class='ocrx_word' id='word_1_56' title='bbox 762 1295 890 1381; x_wconf 87' lang='grc'><strong>000010)</strong></span> <span class='ocrx_word' id='word_1_57' title='bbox 913 1295 1064 1380; x_wconf 82' lang='lat' dir='ltr'>celebrat,</span> <span class='ocrx_word' id='word_1_58' title='bbox 1087 1296 1121 1360; x_wconf 93' lang='lat' dir='ltr'>in</span> <span class='ocrx_word' id='word_1_59' title='bbox 1137 1297 1330 1379; x_wconf 84' lang='lat' dir='ltr'>memoriam,</span> 
     </span>
     <span class='ocr_line' id='line_1_10' title="bbox 184 1397 1329 1484; baseline 0.004 -23"><span class='ocrx_word' id='word_1_60' title='bbox 184 1404 220 1461; x_wconf 89' lang='lat' dir='ltr'>ut</span> <span class='ocrx_word' id='word_1_61' title='bbox 241 1417 327 1462; x_wconf 91' lang='lat' dir='ltr'>nunc</span> <span class='ocrx_word' id='word_1_62' title='bbox 349 1397 413 1463; x_wconf 90' lang='lat' dir='ltr'>dici</span> <span class='ocrx_word' id='word_1_63' title='bbox 434 1397 608 1479; x_wconf 87' lang='lat' dir='ltr'>consuevit,</span> <span class='ocrx_word' id='word_1_64' title='bbox 631 1399 802 1464; x_wconf 85' lang='lat' dir='ltr'>creationis</span> <span class='ocrx_word' id='word_1_65' title='bbox 824 1399 980 1484; x_wconf 88' lang='lat' dir='ltr'>instituta,</span> <span class='ocrx_word' id='word_1_66' title='bbox 1002 1419 1037 1464; x_wconf 88' lang='lat' dir='ltr'>re</span> <span class='ocrx_word' id='word_1_67' title='bbox 1059 1420 1137 1465; x_wconf 86' lang='lat' dir='ltr'>vera</span> <span class='ocrx_word' id='word_1_68' title='bbox 1151 1399 1195 1464; x_wconf 89' lang='lat' dir='ltr'>ad</span> <span class='ocrx_word' id='word_1_69' title='bbox 1206 1401 1329 1483; x_wconf 88' lang='lat' dir='ltr'>gratias</span> 
     </span>
     <span class='ocr_line' id='line_1_11' title="bbox 183 1501 1330 1587; baseline 0.003 -21"><span class='ocrx_word' id='word_1_70' title='bbox 183 1501 245 1576; x_wconf 82' lang='lat' dir='ltr'>deo</span> <span class='ocrx_word' id='word_1_71' title='bbox 271 1503 311 1568; x_wconf 92' lang='lat' dir='ltr'>ob</span> <span class='ocrx_word' id='word_1_72' title='bbox 340 1508 564 1568; x_wconf 86' lang='lat' dir='ltr'>conservatum</span> <span class='ocrx_word' id='word_1_73' title='bbox 591 1501 743 1586; x_wconf 88' lang='lat' dir='ltr'>mundum</span> <span class='ocrx_word' id='word_1_74' title='bbox 768 1502 914 1586; x_wconf 87' lang='lat' dir='ltr'>agendas</span> <span class='ocrx_word' id='word_1_75' title='bbox 937 1501 1108 1568; x_wconf 88' lang='lat' dir='ltr'>destinata.</span> <span class='ocrx_word' id='word_1_76' title='bbox 1152 1503 1330 1587; x_wconf 88' lang='lat' dir='ltr'>dequibus</span> 
     </span>
     <span class='ocr_line' id='line_1_12' title="bbox 184 1595 1331 1692; baseline 0.003 -22"><span class='ocrx_word' id='word_1_77' title='bbox 184 1606 295 1672; x_wconf 86' lang='lat' dir='ltr'>confer</span> <span class='ocrx_word' id='word_1_78' title='bbox 320 1609 434 1690; x_wconf 80' lang='lat' dir='ltr'>Yaqna</span> <span class='ocrx_word' id='word_1_79' title='bbox 460 1609 509 1691; x_wconf 84' lang='grc'>19,</span> <span class='ocrx_word' id='word_1_80' title='bbox 527 1595 704 1672; x_wconf 73' lang='grc'><strong>1000010101</strong></span> <span class='ocrx_word' id='word_1_81' title='bbox 730 1609 758 1692; x_wconf 95' lang='grc'>1,</span> <span class='ocrx_word' id='word_1_82' title='bbox 780 1606 932 1690; x_wconf 62' lang='grc'><strong>(10010100</strong></span> <span class='ocrx_word' id='word_1_83' title='bbox 960 1607 994 1692; x_wconf 89' lang='grc'>(0</span> <span class='ocrx_word' id='word_1_84' title='bbox 1016 1627 1067 1672; x_wconf 90' lang='lat' dir='ltr'>mc</span> <span class='ocrx_word' id='word_1_85' title='bbox 1089 1608 1213 1692; x_wconf 88' lang='lat' dir='ltr'>persice</span> <span class='ocrx_word' id='word_1_86' title='bbox 1235 1608 1331 1674; x_wconf 90' lang='lat' dir='ltr'>eden-</span> 
     </span>
     <span class='ocr_line' id='line_1_13' title="bbox 183 1709 1330 1800; baseline 0.003 -22"><span class='ocrx_word' id='word_1_87' title='bbox 183 1713 275 1800; x_wconf 81' lang='lat' dir='ltr'>dum)</span> <span class='ocrx_word' id='word_1_88' title='bbox 300 1713 358 1798; x_wconf 86' lang='grc'>94,</span> <span class='ocrx_word' id='word_1_89' title='bbox 392 1709 570 1779; x_wconf 84' lang='lat' dir='ltr'>EBurncuf</span> <span class='ocrx_word' id='word_1_90' title='bbox 597 1714 824 1779; x_wconf 88' lang='lat' dir='ltr'>commentaire</span> <span class='ocrx_word' id='word_1_91' title='bbox 856 1733 912 1778; x_wconf 90' lang='lat' dir='ltr'>sur</span> <span class='ocrx_word' id='word_1_92' title='bbox 944 1713 975 1778; x_wconf 92' lang='grc'>10</span> <span class='ocrx_word' id='word_1_93' title='bbox 1007 1715 1121 1797; x_wconf 87' lang='lat' dir='ltr'>Yaqna</span> <span class='ocrx_word' id='word_1_94' title='bbox 1150 1716 1213 1779; x_wconf 82' lang='lat'>302</span> <span class='ocrx_word' id='word_1_95' title='bbox 1244 1735 1330 1800; x_wconf 89' lang='lat' dir='ltr'>seqq.</span> 
     </span>
     <span class='ocr_line' id='line_1_14' title="bbox 183 1813 1373 1902; baseline 0.003 -20"><span class='ocrx_word' id='word_1_96' title='bbox 183 1818 298 1884; x_wconf 89' lang='lat' dir='ltr'>borum</span> <span class='ocrx_word' id='word_1_97' title='bbox 315 1818 445 1884; x_wconf 91' lang='lat' dir='ltr'>nomina</span> <span class='ocrx_word' id='word_1_98' title='bbox 461 1818 543 1882; x_wconf 92' lang='lat' dir='ltr'>hacc</span> <span class='ocrx_word' id='word_1_99' title='bbox 558 1823 647 1883; x_wconf 91' lang='lat' dir='ltr'>sunt:</span> <span class='ocrx_word' id='word_1_100' title='bbox 663 1818 993 1902; x_wconf 81' lang='lat' dir='ltr'>Maidyb-zaremaya,</span> <span class='ocrx_word' id='word_1_101' title='bbox 1011 1813 1238 1902; x_wconf 74' lang='lat' dir='ltr'>marnys-lma,</span> <span class='ocrx_word' id='word_1_102' title='bbox 1257 1821 1330 1885; x_wconf 92' lang='lat' dir='ltr'>Pai-</span> <span class='ocrx_word' id='word_1_103' title='bbox 1369 1866 1373 1874; x_wconf 83' lang='lat'><em>-</em></span> 
     </span>
     <span class='ocr_line' id='line_1_15' title="bbox 183 1913 1331 2008; baseline 0.003 -22"><span class='ocrx_word' id='word_1_104' title='bbox 183 1913 361 2006; x_wconf 86' lang='lat' dir='ltr'>tis-hahya,</span> <span class='ocrx_word' id='word_1_105' title='bbox 380 1923 571 2006; x_wconf 74' lang='lat' dir='ltr'>Ayatr&#39;ema,</span> <span class='ocrx_word' id='word_1_106' title='bbox 594 1921 798 2006; x_wconf 74' lang='lat' dir='ltr'>Maidyarya,</span> <span class='ocrx_word' id='word_1_107' title='bbox 823 1923 1194 2008; x_wconf 71' lang='lat' dir='ltr'>Hamaqpatmaedaya:</span> <span class='ocrx_word' id='word_1_108' title='bbox 1217 1924 1331 2005; x_wconf 91' lang='lat' dir='ltr'>quibus</span> 
     </span>
     <span class='ocr_line' id='line_1_16' title="bbox 110 2025 1330 2110; baseline 0.006 -24"><span class='ocrx_word' id='word_1_109' title='bbox 110 2082 112 2086; x_wconf 85' lang='lat'>.</span> <span class='ocrx_word' id='word_1_110' title='bbox 184 2026 276 2092; x_wconf 87' lang='lat' dir='ltr'>festis</span> <span class='ocrx_word' id='word_1_111' title='bbox 298 2025 390 2109; x_wconf 92' lang='lat' dir='ltr'>caeli,</span> <span class='ocrx_word' id='word_1_112' title='bbox 413 2045 578 2108; x_wconf 89' lang='lat' dir='ltr'>aquarum,</span> <span class='ocrx_word' id='word_1_113' title='bbox 600 2031 715 2108; x_wconf 88' lang='grc'><strong>100000,</strong></span> <span class='ocrx_word' id='word_1_114' title='bbox 737 2025 897 2108; x_wconf 87' lang='lat' dir='ltr'>arborum,</span> <span class='ocrx_word' id='word_1_115' title='bbox 920 2044 1079 2110; x_wconf 84' lang='lat' dir='ltr'>pecorum,</span> <span class='ocrx_word' id='word_1_116' title='bbox 1101 2027 1264 2092; x_wconf 90' lang='lat' dir='ltr'>bominum</span> <span class='ocrx_word' id='word_1_117' title='bbox 1278 2030 1330 2093; x_wconf 86' lang='lat' dir='ltr'>vel</span> 
     </span>
     <span class='ocr_line' id='line_1_17' title="bbox 183 2128 1331 2215; baseline -0.001 -20"><span class='ocrx_word' id='word_1_118' title='bbox 183 2131 303 2196; x_wconf 90' lang='lat' dir='ltr'>creatio</span> <span class='ocrx_word' id='word_1_119' title='bbox 322 2129 374 2194; x_wconf 90' lang='grc'>001</span> <span class='ocrx_word' id='word_1_120' title='bbox 386 2129 587 2194; x_wconf 88' lang='lat' dir='ltr'>conservatio</span> <span class='ocrx_word' id='word_1_121' title='bbox 603 2128 789 2215; x_wconf 90' lang='lat' dir='ltr'>celebratur.</span> <span class='ocrx_word' id='word_1_122' title='bbox 833 2129 868 2192; x_wconf 94' lang='lat' dir='ltr'>in</span> <span class='ocrx_word' id='word_1_123' title='bbox 883 2128 998 2210; x_wconf 92' lang='lat' dir='ltr'>quibus</span> <span class='ocrx_word' id='word_1_124' title='bbox 1009 2129 1190 2194; x_wconf 89' lang='lat' dir='ltr'>nominibus</span> <span class='ocrx_word' id='word_1_125' title='bbox 1201 2131 1331 2214; x_wconf 81' lang='lat' dir='ltr'>maidyb</span> 
     </span>
     <span class='ocr_line' id='line_1_18' title="bbox 184 2234 1331 2320; baseline 0.002 -20"><span class='ocrx_word' id='word_1_126' title='bbox 184 2237 272 2302; x_wconf 89' lang='lat' dir='ltr'>idem</span> <span class='ocrx_word' id='word_1_127' title='bbox 294 2235 379 2319; x_wconf 90' lang='lat' dir='ltr'>quod</span> <span class='ocrx_word' id='word_1_128' title='bbox 401 2235 539 2300; x_wconf 86' lang='lat' dir='ltr'>medin-s</span> <span class='ocrx_word' id='word_1_129' title='bbox 561 2235 763 2318; x_wconf 89' lang='lat' dir='ltr'>Latinorum,</span> <span class='ocrx_word' id='word_1_130' title='bbox 785 2236 918 2315; x_wconf 71' lang='lat' dir='ltr'>utone-c</span> <span class='ocrx_word' id='word_1_131' title='bbox 939 2234 1143 2300; x_wconf 76' lang='lat' dir='ltr'>Graecorum.</span> <span class='ocrx_word' id='word_1_132' title='bbox 1187 2238 1331 2320; x_wconf 69' lang='grc'><strong>0001100-</strong></span> 
     </span>
     <span class='ocr_line' id='line_1_19' title="bbox 185 2335 1330 2426; baseline -0.002 -20"><span class='ocrx_word' id='word_1_133' title='bbox 185 2361 358 2425; x_wconf 83' lang='lat' dir='ltr'>aaremaya</span> <span class='ocrx_word' id='word_1_134' title='bbox 379 2335 583 2426; x_wconf 74' lang='lat' dir='ltr'>maidybima</span> <span class='ocrx_word' id='word_1_135' title='bbox 601 2338 794 2423; x_wconf 79' lang='lat' dir='ltr'>maiuyarya</span> <span class='ocrx_word' id='word_1_136' title='bbox 809 2339 955 2404; x_wconf 88' lang='lat' dir='ltr'>dicuntur</span> <span class='ocrx_word' id='word_1_137' title='bbox 970 2345 1005 2404; x_wconf 95' lang='lat' dir='ltr'>ut</span> <span class='ocrx_word' id='word_1_138' title='bbox 1021 2341 1227 2420; x_wconf 75' lang='grc' dir='ltr'><em>μεσονύκτιος</em></span> <span class='ocrx_word' id='word_1_139' title='bbox 1240 2361 1330 2422; x_wconf 78' lang='grc' dir='ltr'><strong><em>μεσο-</em></strong></span> 
     </span>
     <span class='ocr_line' id='line_1_20' title="bbox 183 2442 1331 2530; baseline 0.002 -21"><span class='ocrx_word' id='word_1_140' title='bbox 183 2444 341 2526; x_wconf 78' lang='grc' dir='ltr'><strong><em>ποτοίμιος</em></strong></span> <span class='ocrx_word' id='word_1_141' title='bbox 356 2444 561 2528; x_wconf 79' lang='lat' dir='ltr'>Graecorum,</span> <span class='ocrx_word' id='word_1_142' title='bbox 580 2442 789 2508; x_wconf 88' lang='lat' dir='ltr'>mediterreus</span> <span class='ocrx_word' id='word_1_143' title='bbox 804 2442 1014 2508; x_wconf 87' lang='lat' dir='ltr'>meditullium</span> <span class='ocrx_word' id='word_1_144' title='bbox 1025 2444 1220 2530; x_wconf 88' lang='lat' dir='ltr'>Latinorum,</span> <span class='ocrx_word' id='word_1_145' title='bbox 1233 2447 1331 2528; x_wconf 74' lang='lat' dir='ltr'>mida·</span> 
     </span>
     <span class='ocr_line' id='line_1_21' title="bbox 139 2546 1331 2634; baseline -0.001 -17"><span class='ocrx_word' id='word_1_146' title='bbox 139 2550 143 2561; x_wconf 82' lang='grc'><em>’</em></span> <span class='ocrx_word' id='word_1_147' title='bbox 184 2557 240 2634; x_wconf 87' lang='lat' dir='ltr'>get</span> <span class='ocrx_word' id='word_1_148' title='bbox 272 2549 484 2634; x_wconf 71' lang='lat' dir='ltr'>medcrchay</span> <span class='ocrx_word' id='word_1_149' title='bbox 513 2550 733 2616; x_wconf 87' lang='lat' dir='ltr'>Armenorum.</span> <span class='ocrx_word' id='word_1_150' title='bbox 784 2547 882 2613; x_wconf 81' lang='lat' dir='ltr'>facile</span> <span class='ocrx_word' id='word_1_151' title='bbox 915 2549 1094 2633; x_wconf 86' lang='lat' dir='ltr'>explicatur</span> <span class='ocrx_word' id='word_1_152' title='bbox 1126 2546 1331 2634; x_wconf 69' lang='lat' dir='ltr'>maidydbma</span> 
     </span>
     <span class='ocr_line' id='line_1_22' title="bbox 183 2652 1331 2740; baseline 0.003 -23"><span class='ocrx_word' id='word_1_153' title='bbox 183 2655 392 2719; x_wconf 68' lang='lat' dir='ltr'>occultaratio.</span> <span class='ocrx_word' id='word_1_154' title='bbox 436 2653 483 2718; x_wconf 92' lang='lat' dir='ltr'>ita</span> <span class='ocrx_word' id='word_1_155' title='bbox 512 2674 598 2736; x_wconf 91' lang='lat' dir='ltr'>aqua</span> <span class='ocrx_word' id='word_1_156' title='bbox 627 2652 791 2719; x_wconf 88' lang='lat' dir='ltr'>commode</span> <span class='ocrx_word' id='word_1_157' title='bbox 813 2653 924 2718; x_wconf 89' lang='grc'><strong>000001</strong></span> <span class='ocrx_word' id='word_1_158' title='bbox 946 2659 1080 2736; x_wconf 89' lang='lat' dir='ltr'>poterat.</span> <span class='ocrx_word' id='word_1_159' title='bbox 1123 2654 1155 2718; x_wconf 92' lang='lat' dir='ltr'>in</span> <span class='ocrx_word' id='word_1_160' title='bbox 1178 2655 1331 2740; x_wconf 89' lang='lat' dir='ltr'>interpre-</span> 
     </span>
     <span class='ocr_line' id='line_1_23' title="bbox 184 2756 1330 2840; baseline 0.002 -18"><span class='ocrx_word' id='word_1_161' title='bbox 184 2757 284 2824; x_wconf 88' lang='lat' dir='ltr'>tando</span> <span class='ocrx_word' id='word_1_162' title='bbox 306 2757 500 2840; x_wconf 79' lang='lat' dir='ltr'>maidyarya</span> <span class='ocrx_word' id='word_1_163' title='bbox 531 2756 571 2820; x_wconf 90' lang='lat' dir='ltr'>ab</span> <span class='ocrx_word' id='word_1_164' title='bbox 596 2756 774 2824; x_wconf 85' lang='lat' dir='ltr'>EBurnouf</span> <span class='ocrx_word' id='word_1_165' title='bbox 792 2756 1006 2821; x_wconf 89' lang='lat' dir='ltr'>secedendum</span> <span class='ocrx_word' id='word_1_166' title='bbox 1030 2758 1109 2822; x_wconf 89' lang='lat' dir='ltr'>mihi</span> <span class='ocrx_word' id='word_1_167' title='bbox 1131 2779 1202 2824; x_wconf 89' lang='grc'><strong>0000</strong></span> <span class='ocrx_word' id='word_1_168' title='bbox 1224 2761 1330 2840; x_wconf 89' lang='lat' dir='ltr'>credo,</span> 
     </span>
     <span class='ocr_line' id='line_1_24' title="bbox 184 2857 1331 2943; baseline 0.002 -18"><span class='ocrx_word' id='word_1_169' title='bbox 184 2860 225 2925; x_wconf 89' lang='lat' dir='ltr'>de</span> <span class='ocrx_word' id='word_1_170' title='bbox 259 2862 339 2943; x_wconf 74' lang='lat' dir='ltr'>yare</span> <span class='ocrx_word' id='word_1_171' title='bbox 371 2878 478 2922; x_wconf 82' lang='grc'><strong>00000</strong></span> <span class='ocrx_word' id='word_1_172' title='bbox 511 2857 682 2939; x_wconf 88' lang='lat' dir='ltr'>cogitante.</span> <span class='ocrx_word' id='word_1_173' title='bbox 726 2879 802 2923; x_wconf 91' lang='lat' dir='ltr'>nam</span> <span class='ocrx_word' id='word_1_174' title='bbox 832 2864 867 2922; x_wconf 88' lang='lat' dir='ltr'>ut</span> <span class='ocrx_word' id='word_1_175' title='bbox 896 2857 936 2922; x_wconf 91' lang='lat' dir='ltr'>dc</span> <span class='ocrx_word' id='word_1_176' title='bbox 966 2860 1176 2943; x_wconf 88' lang='lat' dir='ltr'>componendi</span> <span class='ocrx_word' id='word_1_177' title='bbox 1205 2862 1331 2927; x_wconf 91' lang='lat' dir='ltr'>ratione</span> 
     </span>
     <span class='ocr_line' id='line_1_25' title="bbox 184 2960 1331 3048; baseline 0 -19"><span class='ocrx_word' id='word_1_178' title='bbox 184 2963 339 3029; x_wconf 90' lang='lat' dir='ltr'>inusitata</span> <span class='ocrx_word' id='word_1_179' title='bbox 361 2968 497 3044; x_wconf 90' lang='lat' dir='ltr'>taceam,</span> <span class='ocrx_word' id='word_1_180' title='bbox 519 2960 636 3026; x_wconf 79' lang='lat' dir='ltr'>festum</span> <span class='ocrx_word' id='word_1_181' title='bbox 658 2979 767 3027; x_wconf 89' lang='lat' dir='ltr'>mense</span> <span class='ocrx_word' id='word_1_182' title='bbox 789 2960 936 3025; x_wconf 89' lang='lat' dir='ltr'>Bahman</span> <span class='ocrx_word' id='word_1_183' title='bbox 957 2962 1161 3048; x_wconf 90' lang='lat' dir='ltr'>celebratum,</span> <span class='ocrx_word' id='word_1_184' title='bbox 1185 2965 1239 3046; x_wconf 91' lang='lat' dir='ltr'>qui</span> <span class='ocrx_word' id='word_1_185' title='bbox 1254 2968 1331 3029; x_wconf 92' lang='lat' dir='ltr'>anni</span> 
     </span>
     <span class='ocr_line' id='line_1_26' title="bbox 185 3063 1332 3149; baseline -0.003 -16"><span class='ocrx_word' id='word_1_186' title='bbox 185 3066 372 3134; x_wconf 86' lang='lat' dir='ltr'>undecimus</span> <span class='ocrx_word' id='word_1_187' title='bbox 396 3071 453 3149; x_wconf 89' lang='lat' dir='ltr'>est,</span> <span class='ocrx_word' id='word_1_188' title='bbox 475 3066 641 3130; x_wconf 80' lang='lat' dir='ltr'>medianae</span> <span class='ocrx_word' id='word_1_189' title='bbox 656 3063 815 3149; x_wconf 87' lang='lat' dir='ltr'>appellari</span> <span class='ocrx_word' id='word_1_190' title='bbox 833 3064 993 3148; x_wconf 82' lang='lat' dir='ltr'>nequibat,</span> <span class='ocrx_word' id='word_1_191' title='bbox 1017 3085 1120 3148; x_wconf 90' lang='lat' dir='ltr'>neque</span> <span class='ocrx_word' id='word_1_192' title='bbox 1137 3067 1203 3132; x_wconf 91' lang='lat' dir='ltr'>ulla</span> <span class='ocrx_word' id='word_1_193' title='bbox 1215 3066 1332 3132; x_wconf 88' lang='lat' dir='ltr'>adduci</span> 
     </span>
     <span class='ocr_line' id='line_1_27' title="bbox 183 3169 1331 3257; baseline 0 -20"><span class='ocrx_word' id='word_1_194' title='bbox 183 3177 290 3257; x_wconf 86' lang='lat' dir='ltr'>potest</span> <span class='ocrx_word' id='word_1_195' title='bbox 319 3169 419 3252; x_wconf 91' lang='lat' dir='ltr'>ratio,</span> <span class='ocrx_word' id='word_1_196' title='bbox 454 3188 509 3233; x_wconf 92' lang='lat' dir='ltr'>cur</span> <span class='ocrx_word' id='word_1_197' title='bbox 538 3189 655 3252; x_wconf 89' lang='lat' dir='ltr'>pecora</span> <span class='ocrx_word' id='word_1_198' title='bbox 683 3169 867 3232; x_wconf 74' lang='grc'><strong>0000100010</strong></span> <span class='ocrx_word' id='word_1_199' title='bbox 889 3175 1010 3233; x_wconf 86' lang='lat' dir='ltr'>vocata&#39;</span> <span class='ocrx_word' id='word_1_200' title='bbox 1023 3178 1139 3234; x_wconf 87' lang='lat' dir='ltr'>essent.</span> <span class='ocrx_word' id='word_1_201' title='bbox 1184 3171 1331 3254; x_wconf 90' lang='lat' dir='ltr'>equidem</span> 
     </span>
     <span class='ocr_line' id='line_1_28' title="bbox 182 3272 1331 3360; baseline -0.001 -18"><span class='ocrx_word' id='word_1_202' title='bbox 182 3278 225 3343; x_wconf 92' lang='lat' dir='ltr'>ab</span> <span class='ocrx_word' id='word_1_203' title='bbox 253 3295 334 3360; x_wconf 88' lang='lat' dir='ltr'>arya</span> <span class='ocrx_word' id='word_1_204' title='bbox 362 3280 521 3358; x_wconf 88' lang='lat' dir='ltr'>sumptum</span> <span class='ocrx_word' id='word_1_205' title='bbox 553 3272 647 3338; x_wconf 90' lang='lat' dir='ltr'>credo</span> <span class='ocrx_word' id='word_1_206' title='bbox 670 3273 879 3358; x_wconf 86' lang='lat' dir='ltr'>vccabulum,</span> <span class='ocrx_word' id='word_1_207' title='bbox 913 3273 997 3356; x_wconf 90' lang='lat' dir='ltr'>quod</span> <span class='ocrx_word' id='word_1_208' title='bbox 1019 3274 1090 3340; x_wconf 90' lang='lat' dir='ltr'>ficri</span> <span class='ocrx_word' id='word_1_209' title='bbox 1111 3277 1236 3360; x_wconf 88' lang='lat' dir='ltr'>nequit,</span> <span class='ocrx_word' id='word_1_210' title='bbox 1269 3277 1331 3342; x_wconf 89' lang='lat' dir='ltr'>nisi</span> 
     </span>
     <span class='ocr_line' id='line_1_29' title="bbox 119 3377 1330 3464; baseline -0.002 -16"><span class='ocrx_word' id='word_1_211' title='bbox 119 3377 122 3380; x_wconf 71' lang='grc'><strong>’</strong></span> <span class='ocrx_word' id='word_1_212' title='bbox 183 3400 340 3448; x_wconf 90' lang='lat' dir='ltr'>summam</span> <span class='ocrx_word' id='word_1_213' title='bbox 362 3378 432 3444; x_wconf 91' lang='lat' dir='ltr'>eius</span> <span class='ocrx_word' id='word_1_214' title='bbox 453 3377 677 3460; x_wconf 84' lang='lat' dir='ltr'>antiquitatem</span> <span class='ocrx_word' id='word_1_215' title='bbox 701 3397 771 3442; x_wconf 89' lang='lat' dir='ltr'>esse</span> <span class='ocrx_word' id='word_1_216' title='bbox 787 3378 1009 3444; x_wconf 86' lang='lat' dir='ltr'>concedamus.</span> <span class='ocrx_word' id='word_1_217' title='bbox 1053 3399 1129 3444; x_wconf 92' lang='lat' dir='ltr'>nam</span> <span class='ocrx_word' id='word_1_218' title='bbox 1142 3377 1224 3464; x_wconf 84' lang='lat' dir='ltr'>arya</span> <span class='ocrx_word' id='word_1_219' title='bbox 1235 3380 1330 3447; x_wconf 77' lang='grc'><strong>10010-</strong></span> 
     </span>
     <span class='ocr_line' id='line_1_30' title="bbox 183 3479 1329 3567; baseline -0.003 -16"><span class='ocrx_word' id='word_1_220' title='bbox 183 3507 254 3552; x_wconf 88' lang='lat' dir='ltr'>rum</span> <span class='ocrx_word' id='word_1_221' title='bbox 276 3491 307 3551; x_wconf 90' lang='lat' dir='ltr'>et</span> <span class='ocrx_word' id='word_1_222' title='bbox 329 3479 548 3566; x_wconf 88' lang='lat' dir='ltr'>Iapetidarum</span> <span class='ocrx_word' id='word_1_223' title='bbox 573 3481 865 3564; x_wconf 88' lang='lat' dir='ltr'>antiquissimorum</span> <span class='ocrx_word' id='word_1_224' title='bbox 888 3480 975 3566; x_wconf 88' lang='lat' dir='ltr'>apud</span> <span class='ocrx_word' id='word_1_225' title='bbox 993 3484 1127 3547; x_wconf 91' lang='lat' dir='ltr'>Bactros</span> <span class='ocrx_word' id='word_1_226' title='bbox 1146 3484 1329 3567; x_wconf 88' lang='lat' dir='ltr'>airyaerat.</span> 
     </span>
     <span class='ocr_line' id='line_1_31' title="bbox 185 3585 1329 3672; baseline -0.001 -18"><span class='ocrx_word' id='word_1_227' title='bbox 185 3593 268 3656; x_wconf 88' lang='lat' dir='ltr'>inest</span> <span class='ocrx_word' id='word_1_228' title='bbox 303 3588 402 3672; x_wconf 88' lang='lat' dir='ltr'>igitur</span> <span class='ocrx_word' id='word_1_229' title='bbox 432 3585 588 3651; x_wconf 85' lang='lat' dir='ltr'>vocabulo</span> <span class='ocrx_word' id='word_1_230' title='bbox 615 3585 808 3668; x_wconf 81' lang='lat' dir='ltr'>maicyarya</span> <span class='ocrx_word' id='word_1_231' title='bbox 835 3605 899 3650; x_wconf 92' lang='lat' dir='ltr'>non</span> <span class='ocrx_word' id='word_1_232' title='bbox 922 3586 1082 3670; x_wconf 88' lang='lat' dir='ltr'>bactrica,</span> <span class='ocrx_word' id='word_1_233' title='bbox 1116 3588 1173 3652; x_wconf 91' lang='lat' dir='ltr'>scd</span> <span class='ocrx_word' id='word_1_234' title='bbox 1206 3588 1329 3672; x_wconf 90' lang='lat' dir='ltr'>iapetia</span> 
     </span>
     <span class='ocr_line' id='line_1_32' title="bbox 185 3690 1328 3777; baseline -0.001 -18"><span class='ocrx_word' id='word_1_235' title='bbox 185 3695 274 3760; x_wconf 84' lang='lat' dir='ltr'>vocis</span> <span class='ocrx_word' id='word_1_236' title='bbox 307 3693 418 3759; x_wconf 85' lang='lat' dir='ltr'>forma.</span> <span class='ocrx_word' id='word_1_237' title='bbox 461 3694 498 3756; x_wconf 84' lang='grc'>10</span> <span class='ocrx_word' id='word_1_238' title='bbox 526 3692 636 3756; x_wconf 80' lang='lat' dir='ltr'>mediis</span> <span class='ocrx_word' id='word_1_239' title='bbox 664 3690 758 3754; x_wconf 76' lang='lat' dir='ltr'>Artis</span> <span class='ocrx_word' id='word_1_240' title='bbox 781 3690 990 3776; x_wconf 77' lang='lat' dir='ltr'>(hominibus)</span> <span class='ocrx_word' id='word_1_241' title='bbox 1011 3693 1119 3756; x_wconf 80' lang='grc'><strong>010000</strong></span> <span class='ocrx_word' id='word_1_242' title='bbox 1128 3693 1328 3777; x_wconf 86' lang='lat' dir='ltr'>praeclarum</span> 
     </span>
     <span class='ocr_line' id='line_1_33' title="bbox 185 3794 1328 3880; baseline 0.001 -20"><span class='ocrx_word' id='word_1_243' title='bbox 185 3796 310 3880; x_wconf 87' lang='lat' dir='ltr'>pecoris</span> <span class='ocrx_word' id='word_1_244' title='bbox 332 3816 448 3860; x_wconf 91' lang='lat' dir='ltr'>nomen</span> <span class='ocrx_word' id='word_1_245' title='bbox 471 3794 559 3879; x_wconf 89' lang='lat' dir='ltr'>apud</span> <span class='ocrx_word' id='word_1_246' title='bbox 582 3800 690 3878; x_wconf 90' lang='lat' dir='ltr'>patres</span> <span class='ocrx_word' id='word_1_247' title='bbox 712 3799 853 3877; x_wconf 89' lang='lat' dir='ltr'>nostros,</span> <span class='ocrx_word' id='word_1_248' title='bbox 885 3813 946 3876; x_wconf 88' lang='lat' dir='ltr'>quc</span> <span class='ocrx_word' id='word_1_249' title='bbox 969 3800 1111 3878; x_wconf 87' lang='lat' dir='ltr'>tempore</span> <span class='ocrx_word' id='word_1_250' title='bbox 1133 3815 1153 3859; x_wconf 96' lang='lat' dir='ltr'>a</span> <span class='ocrx_word' id='word_1_251' title='bbox 1176 3796 1328 3878; x_wconf 90' lang='lat' dir='ltr'>gregibus</span> 
     </span>
     <span class='ocr_line' id='line_1_34' title="bbox 184 3896 1328 3986; baseline 0 -20"><span class='ocrx_word' id='word_1_252' title='bbox 184 3899 355 3986; x_wconf 86' lang='lat' dir='ltr'>pascendis</span> <span class='ocrx_word' id='word_1_253' title='bbox 387 3899 430 3964; x_wconf 93' lang='lat' dir='ltr'>ad</span> <span class='ocrx_word' id='word_1_254' title='bbox 460 3918 558 3982; x_wconf 86' lang='lat' dir='ltr'>agros</span> <span class='ocrx_word' id='word_1_255' title='bbox 591 3896 741 3963; x_wconf 86' lang='lat' dir='ltr'>colendos</span> <span class='ocrx_word' id='word_1_256' title='bbox 771 3917 806 3962; x_wconf 92' lang='lat' dir='ltr'>se</span> <span class='ocrx_word' id='word_1_257' title='bbox 835 3903 1066 3962; x_wconf 85' lang='lat' dir='ltr'>converterant.</span> <span class='ocrx_word' id='word_1_258' title='bbox 1110 3899 1328 3982; x_wconf 70' lang='grc'><strong>0011000000-</strong></span> 
     </span>
     <span class='ocr_line' id='line_1_35' title="bbox 185 4002 1328 4088; baseline 0 -18"><span class='ocrx_word' id='word_1_259' title='bbox 185 4023 282 4088; x_wconf 83' lang='lat' dir='ltr'>maya</span> <span class='ocrx_word' id='word_1_260' title='bbox 304 4002 507 4087; x_wconf 87' lang='lat' dir='ltr'>interpretari</span> <span class='ocrx_word' id='word_1_261' title='bbox 527 4022 592 4066; x_wconf 91' lang='grc'>000</span> <span class='ocrx_word' id='word_1_262' title='bbox 613 4021 754 4086; x_wconf 82' lang='lat' dir='ltr'>possum,</span> <span class='ocrx_word' id='word_1_263' title='bbox 776 4020 848 4065; x_wconf 89' lang='lat' dir='ltr'>cum</span> <span class='ocrx_word' id='word_1_264' title='bbox 871 4022 1000 4066; x_wconf 85' lang='lat' dir='ltr'>zarcma</span> <span class='ocrx_word' id='word_1_265' title='bbox 1021 4003 1055 4065; x_wconf 92' lang='lat' dir='ltr'>in</span> <span class='ocrx_word' id='word_1_266' title='bbox 1071 4002 1161 4068; x_wconf 89' lang='lat' dir='ltr'>libris</span> <span class='ocrx_word' id='word_1_267' title='bbox 1179 4005 1328 4071; x_wconf 89' lang='lat' dir='ltr'>bactricis</span> 
     </span>
     <span class='ocr_line' id='line_1_36' title="bbox 184 4082 1329 4191; baseline 0.001 -18"><span class='ocrx_word' id='word_1_268' title='bbox 184 4128 356 4191; x_wconf 89' lang='lat' dir='ltr'>numquam</span> <span class='ocrx_word' id='word_1_269' title='bbox 379 4082 599 4171; x_wconf 55' lang='lat' dir='ltr'>inueniatur.x</span> <span class='ocrx_word' id='word_1_270' title='bbox 615 4112 752 4190; x_wconf 90' lang='lat' dir='ltr'>apparet</span> <span class='ocrx_word' id='word_1_271' title='bbox 770 4125 897 4170; x_wconf 87' lang='lat' dir='ltr'>zarema</span> <span class='ocrx_word' id='word_1_272' title='bbox 914 4112 946 4170; x_wconf 91' lang='grc'>01</span> <span class='ocrx_word' id='word_1_273' title='bbox 958 4106 1040 4171; x_wconf 90' lang='lat' dir='ltr'>ultra</span> <span class='ocrx_word' id='word_1_274' title='bbox 1061 4111 1092 4170; x_wconf 92' lang='lat' dir='ltr'>ct</span> <span class='ocrx_word' id='word_1_275' title='bbox 1111 4107 1192 4171; x_wconf 90' lang='lat' dir='ltr'>citra</span> <span class='ocrx_word' id='word_1_276' title='bbox 1205 4109 1329 4174; x_wconf 90' lang='lat' dir='ltr'>caelum</span> 
     </span>
     <span class='ocr_line' id='line_1_37' title="bbox 184 4209 1327 4297; baseline -0.001 -19"><span class='ocrx_word' id='word_1_277' title='bbox 184 4213 325 4297; x_wconf 86' lang='lat' dir='ltr'>reperiri.</span> <span class='ocrx_word' id='word_1_278' title='bbox 369 4211 434 4275; x_wconf 88' lang='lat' dir='ltr'>iarn</span> <span class='ocrx_word' id='word_1_279' title='bbox 464 4229 535 4274; x_wconf 91' lang='lat' dir='ltr'>eum</span> <span class='ocrx_word' id='word_1_280' title='bbox 565 4209 711 4291; x_wconf 75' lang='grc' dir='ltr'><em>Χάρμων</em></span> <span class='ocrx_word' id='word_1_281' title='bbox 741 4215 772 4274; x_wconf 87' lang='grc'>01</span> <span class='ocrx_word' id='word_1_282' title='bbox 803 4210 891 4275; x_wconf 82' lang='lat' dir='ltr'>Iovis</span> <span class='ocrx_word' id='word_1_283' title='bbox 914 4215 946 4274; x_wconf 91' lang='lat' dir='ltr'>et</span> <span class='ocrx_word' id='word_1_284' title='bbox 967 4210 1111 4274; x_wconf 88' lang='lat' dir='ltr'>Plutonis</span> <span class='ocrx_word' id='word_1_285' title='bbox 1139 4233 1255 4277; x_wconf 88' lang='lat' dir='ltr'>nornen</span> <span class='ocrx_word' id='word_1_286' title='bbox 1277 4214 1327 4296; x_wconf 89' lang='lat' dir='ltr'>sit,</span> 
     </span>
     <span class='ocr_line' id='line_1_38' title="bbox 185 4313 1379 4398; baseline -0.002 -16"><span class='ocrx_word' id='word_1_287' title='bbox 185 4337 314 4384; x_wconf 87' lang='lat' dir='ltr'>zarema</span> <span class='ocrx_word' id='word_1_288' title='bbox 337 4321 445 4380; x_wconf 88' lang='lat' dir='ltr'>autem</span> <span class='ocrx_word' id='word_1_289' title='bbox 467 4314 511 4378; x_wconf 91' lang='lat' dir='ltr'>ad</span> <span class='ocrx_word' id='word_1_290' title='bbox 532 4313 683 4378; x_wconf 88' lang='lat' dir='ltr'>amussim</span> <span class='ocrx_word' id='word_1_291' title='bbox 707 4333 824 4396; x_wconf 85' lang='lat' dir='ltr'>graeco</span> <span class='ocrx_word' id='word_1_292' title='bbox 836 4313 1158 4398; x_wconf 75' lang='lat' dir='ltr'>xoiquqrespondeat,</span> <span class='ocrx_word' id='word_1_293' title='bbox 1182 4314 1328 4380; x_wconf 90' lang='lat' dir='ltr'>decasca</span> <span class='ocrx_word' id='word_1_294' title='bbox 1375 4325 1379 4332; x_wconf 87' lang='lat'>&#39;</span> 
     </span>
     <span class='ocr_line' id='line_1_39' title="bbox 184 4416 1328 4500; baseline 0.002 -18"><span class='ocrx_word' id='word_1_295' title='bbox 184 4417 333 4484; x_wconf 91' lang='lat' dir='ltr'>vocabuli</span> <span class='ocrx_word' id='word_1_296' title='bbox 362 4417 554 4500; x_wconf 91' lang='lat' dir='ltr'>antiquitate</span> <span class='ocrx_word' id='word_1_297' title='bbox 587 4416 727 4481; x_wconf 88' lang='lat' dir='ltr'>dubitari</span> <span class='ocrx_word' id='word_1_298' title='bbox 758 4418 875 4499; x_wconf 90' lang='lat' dir='ltr'>nequit.</span> <span class='ocrx_word' id='word_1_299' title='bbox 921 4435 1057 4482; x_wconf 63' lang='grc'><strong>000000</strong></span> <span class='ocrx_word' id='word_1_300' title='bbox 1080 4418 1328 4484; x_wconf 87' lang='lat' dir='ltr'>Pahlavensium</span> 
     </span>
    </p>
   </div>
   <div class='ocr_carea' id='block_1_3' title="bbox 184 4515 1359 4680">
    <p class='ocr_par' dir='ltr' id='par_1_3' title="bbox 184 4515 1359 4680">
     <span class='ocr_line' id='line_1_40' title="bbox 184 4515 1359 4612; baseline 0.003 -23"><span class='ocrx_word' id='word_1_301' title='bbox 184 4523 324 4607; x_wconf 85' lang='lat' dir='ltr'>confero,</span> <span class='ocrx_word' id='word_1_302' title='bbox 346 4522 517 4587; x_wconf 83' lang='lat' dir='ltr'>formatum</span> <span class='ocrx_word' id='word_1_303' title='bbox 538 4521 618 4585; x_wconf 91' lang='lat' dir='ltr'>illud</span> <span class='ocrx_word' id='word_1_304' title='bbox 641 4529 676 4585; x_wconf 88' lang='lat' dir='ltr'>ut</span> <span class='ocrx_word' id='word_1_305' title='bbox 700 4527 826 4612; x_wconf 53' lang='grc'><strong>00000000</strong></span> <span class='ocrx_word' id='word_1_306' title='bbox 850 4551 891 4576; x_wconf 90' lang='lat'>=</span> <span class='ocrx_word' id='word_1_307' title='bbox 915 4515 1156 4606; x_wconf 68' lang='lat' dir='ltr'>antarekiatra,</span> <span class='ocrx_word' id='word_1_308' title='bbox 1177 4523 1328 4607; x_wconf 87' lang='lat' dir='ltr'>Lagardc</span> <span class='ocrx_word' id='word_1_309' title='bbox 1358 4545 1359 4548; x_wconf 72' lang='grc'>’</span> 
     </span>
     <span class='ocr_line' id='line_1_41' title="bbox 1091 4647 1118 4680; baseline 0.037 -1"><span class='ocrx_word' id='word_1_310' title='bbox 1091 4647 1118 4680; x_wconf 84' lang='grc' dir='ltr'>ΙΙ</span> 
     </span>
    </p>
   </div>
   <div class='ocr_carea' id='block_1_4' title="bbox 0 0 1620 5256">
    <p class='ocr_par' dir='ltr' id='par_1_4' title="bbox 0 0 1620 5256">
     <span class='ocr_line' id='line_1_42' title="bbox 0 0 1620 5256; baseline 0 0"><span class='ocrx_word' id='word_1_311' title='bbox 0 0 1620 5256; x_wconf 95' lang='lat' dir='ltr'> </span> 
     </span>
    </p>
   </div>
  </div>
 </body>
</html>
