3246 5264
763 399 820 440 XIII

223 548 279 602 nisi
295 549 358 616 quis
375 547 501 618 singulas
520 549 699 603 membranas
717 566 732 602 e
751 565 887 618 compage
911 549 1016 602 solutas
1035 548 1133 603 statim
1150 550 1215 618 post
1232 547 1363 604 adhibita

223 637 349 692 chemica
377 655 451 705 aqua
479 655 550 706 pura
568 637 664 691 lavare
684 639 786 705 posset.
823 637 910 691 codex
929 639 1025 692 autem
1045 639 1206 707 compactus
1223 638 1254 691 in
1273 640 1362 693 mani-

223 728 274 781 bus
300 728 370 782 erat.
406 727 561 782 accedebat
584 725 660 793 quod
683 726 740 780 iam
760 725 879 781 Calmeti
903 729 1029 796 tempore
1048 727 1160 782 litteras
1178 745 1252 796 aqua
1270 729 1363 783 infusa

222 817 327 871 dilutas
351 833 409 871 esse
428 816 582 884 unicuique
600 817 728 870 constare
747 815 883 870 debebat:
914 816 1025 870 litteras
1043 835 1109 872 vero
1127 817 1170 871 ita
1189 818 1295 872 dilutas
1313 836 1362 887 po-

221 904 347 959 tionibus
374 905 437 959 istis
456 904 492 958 ad
514 903 664 974 pristinam
683 905 803 958 formam
822 905 970 958 reductum
988 923 1044 959 non
1064 906 1100 959 iri
1119 925 1176 961 non
1189 909 1303 976 poterat
1316 924 1361 960 me

222 995 327 1064 fugere.
364 994 491 1048 contenti
509 993 597 1063 igitur
615 1011 674 1048 esse
692 993 837 1048 debebunt
856 997 906 1061 qui
924 995 994 1049 haec
1013 995 1110 1064 legent
1128 995 1168 1050 eis
1186 1013 1259 1064 quae
1273 997 1362 1050 oculis

222 1084 291 1138 meis
309 1083 427 1137 rimatus
446 1101 515 1148 sum,
533 1083 702 1152 postuloque
721 1084 754 1137 ut
772 1083 836 1152 plus
854 1082 925 1136 mihi
946 1100 1031 1150 quam
1048 1084 1212 1138 Bernhardo
1225 1085 1361 1140 deMont·

221 1173 323 1228 iaucon
341 1173 407 1227 fidei
425 1174 574 1228 habeatur.

292 1264 317 1314 A
338 1286 370 1308 =
390 1262 491 1331 prima,
509 1262 532 1314 B
553 1284 585 1306 =
606 1259 737 1324 secunda,
757 1259 777 1314 O
798 1283 829 1306 =
849 1261 938 1314 tertia
959 1279 1070 1316 manus:
1099 1263 1255 1332 scripturae
1280 1263 1361 1332 signo

221 1367 277 1404 non
297 1350 448 1404 distinctae
466 1349 570 1404 codicis
587 1349 677 1418 ipsius
695 1350 760 1402 sunt
778 1367 794 1402 a
813 1366 857 1403 me
876 1350 977 1404 edente
995 1352 1131 1406 mutatae.

786 1457 797 1489 1
883 1473 891 1480 .

328 1531 431 1596 vituios
449 1547 540 1594 κνριος
558 1528 668 1587 duratos
688 1529 868 1596 φυλοστοργος
886 1547 1002 1596 αμωμος

328 1619 375 1678 dcc
392 1638 441 1688 μοι
459 1637 509 1669 νυν
526 1633 644 1670 aaronem
661 1636 707 1668 και
723 1635 778 1687 μου
796 1635 822 1668 το
840 1633 931 1686 campe
951 1619 1086 1686 πλιρωσον

327 1727 477 1778 πνευματος
495 1723 576 1760 οσυου
593 1709 714 1775 paucisve
727 1721 821 1776 χριστε
838 1707 948 1775 terpora

327 1817 488 1867 αυτοκρατορ
506 1799 611 1867 θελημα
630 1816 710 1866 αγιον
728 1814 820 1866 captor
835 1815 872 1856 εις
890 1816 955 1865 ιμας

328 1907 400 1948 οπως
418 1907 453 1939 αν
469 1891 554 1957 pudo)
573 1887 698 1953 αψευδως
716 1905 763 1937 σου
783 1904 887 1954 ρηματα
905 1887 995 1937 lolem

327 1993 467 2047 carcerque
485 1981 530 2029 dee
547 1978 655 2046 μελετην
672 1994 726 2044 μου
744 1993 789 2026 και
808 1979 964 2042 καθαρησον

326 2068 387 2120 idco
404 2085 500 2136 πτοχος
517 2067 618 2137 εδυμον
636 2068 740 2132 apodes
759 2083 886 2132 αμνημον
905 2078 1028 2134 oppletos

327 2159 394 2208 αλλα
412 2160 574 2208 cunctarer
591 2174 668 2224 ημων
685 2154 802 2224 καρδιαν
820 2159 926 2204 arictes!

327 2263 395 2314 προς
413 2260 441 2296 σε
456 2245 537 2314 κραζο
556 2262 630 2302 nem
647 2259 729 2294 σωσον
746 2261 781 2312 με
799 2261 845 2294 και
865 2260 982 2294 ακουσον

326 2353 387 2386 αινο
403 2339 468 2385 θεον
488 2337 639 2392 octodurus
657 2334 769 2393 σωζονια
788 2334 925 2400 λιτουργος

327 2438 369 2474 σοι
386 2419 611 2492 παραθωπιστην
629 2440 670 2473 uec
689 2440 734 2473 και
753 2439 898 2490 apameam
914 2439 1000 2472 παντα

328 2530 508 2580 παντοκρατορ
528 2527 634 2580 σοτιρηα
652 2516 716 2562 decc
730 2529 782 2580 χηρ
802 2511 868 2569 δοξα
887 2526 970 2578 copem

328 2616 358 2654 oo
377 2605 458 2661 λαούς
475 2619 576 2660 navtur
593 2601 639 2653 diu
658 2617 754 2658 παντος
771 2600 926 2668 deceperas

781 2709 795 2741 2

327 2786 460 2848 Opodroec
479 2799 525 2832 και
542 2786 644 2838 endecas
661 2799 823 2850 γραμματον
841 2786 988 2849 εβριιεικον.

326 2871 422 2934 Adam,
441 2869 549 2939 primus
566 2869 659 2933 homo,
678 2868 833 2923 doctrinam
854 2869 1013 2922 commouet
1030 2868 1123 2936 aleph.
1272 2889 1284 2921 1

325 2959 399 3013 Beth
418 2958 516 3010 domus
535 2956 712 3024 exprimitur,
731 2956 845 3026 signans
863 2972 992 3025 σχηνωμα
1010 2955 1130 3024 piorum.

326 3046 424 3100 Gemel
442 3061 602 3099 sermonum
620 3044 726 3098 retinet
743 3047 868 3114 πληρομα
882 3044 1021 3098 datorum.

325 3137 428 3190 Deleth
446 3137 573 3204 sumptus
591 3151 665 3202 aqua
684 3135 846 3188 tabularum
866 3135 1006 3205 υποδιγμα
1025 3137 1175 3190 restaurat.

324 3227 375 3294 He,
395 3225 469 3292 quod
489 3241 616 3294 gramma
634 3225 725 3290 sonat,
744 3239 880 3295 ρομαειση
896 3224 1000 3278 dicitur
1017 3224 1081 3280 ista.
1272 3245 1283 3292 5

324 3315 388 3369 Uau
405 3316 506 3383 κεᾳαλη
525 3315 616 3368 costat
634 3314 782 3368 machabei
799 3313 903 3368 codicis
921 3331 985 3368 ecoe
1005 3315 1042 3368 et.

289 3465 480 3541 1—13'versi0
500 3474 580 3528 adest
598 3475 690 3531 latina
707 3477 783 3531 inter
802 3493 897 3530 versus
915 3475 1007 3545 prima
1026 3492 1111 3529 manu
1129 3476 1235 3545 scripta
1253 3495 1288 3532 ex
1301 3496 1358 3548 qua

216 3567 244 3619 id
257 3584 344 3620 unum
353 3565 482 3619 adscribo
492 3565 616 3634 εδυμονγ
627 3583 685 3621 esse
696 3565 820 3634 αιδημων
829 3564 1002 3619 verecundus
1019 3566 1022 3630 Ι
1041 3551 1103 3635 susi
1116 3584 1126 3616 1
1140 3567 1304 3636 φυλστοργος
1315 3568 1337 3620 Α
1351 3567 1354 3636 Ι

217 3677 230 3709 2
250 3672 356 3710 συνεσεν
375 3658 398 3710 Α
420 3661 424 3717 Ι
447 3677 461 3710 a
480 3657 604 3723 πλιροσιν
623 3656 647 3708 Α
670 3665 673 3721 Ι
696 3641 776 3725 ἦρῖ
793 3657 796 3722 Ι
819 3675 830 3721 3
851 3654 961 3722 διτρωτα
978 3655 981 3718 Ι
998 3673 1014 3718 4
1032 3653 1191 3722 δυτοκρατορ
1208 3659 1244 3719 14
1261 3655 1355 3726 εχεονΙ

216 3763 229 3812 5
250 3763 359 3798 onwouv
374 3750 407 3812 15
428 3747 546 3812 emendae
565 3748 586 3798 A
603 3747 607 3810 Ι
624 3762 635 3812 5
656 3745 733 3796 datar
753 3747 777 3798 A
794 3747 798 3809 Ι
814 3751 828 3796 6
848 3749 955 3812 rodopa
974 3760 1022 3794 σον
1038 3745 1042 3808 Ι
1058 3763 1072 3809 7
1093 3745 1244 3814 apodemii
1261 3745 1264 3808 Ι
1281 3763 1358 3814 γαμ-

178 3821 182 3828 ’
215 3855 303 3906 μηνον
322 3837 346 3886 Α
369 3838 374 3899 Ι
396 3855 409 3899 7
429 3851 548 3904 αχρισιος
571 3839 575 3899 Ι
597 3841 611 3886 8
631 3855 645 3898 η
663 3853 725 3902 μων
745 3835 768 3886 Α
785 3835 789 3900 Ι
806 3854 820 3901 9
838 3836 921 3902 xpeto
939 3837 942 3901 Ι
960 3853 990 3885 10
1007 3833 1054 3885 ov‘
1069 3834 1073 3896 Ι
1091 3852 1118 3884 1r
1138 3839 1292 3903 nupupodco
1312 3835 1355 3908 ΑΙ

218 3944 246 3978 12
256 3925 299 3976 do
315 3927 319 3990 Ι
337 3938 364 3987 13
385 3938 431 3973 σου
451 3925 475 3974 Α
492 3926 496 3990 Ι
514 3943 541 3989 13
559 3925 655 3981 λαλους
670 3925 675 3988 Ι
693 3942 720 3989 13
733 3924 929 3990 διατιρησαιςΑ
946 3923 950 3984 Ι
966 3922 1163 3989 οοροθεσειαΒ
1180 3924 1183 3985 Ι
1202 3923 1309 3992 raleph
1323 3942 1357 3980 ex

215 3992 284 4108 qim
298 4013 370 4066 Prov
390 4031 427 4074 22,
448 4028 474 4077 25
493 4014 497 4076 Ι
514 4031 527 4064 2
549 4012 617 4064 beht
637 4013 658 4064 Β
676 4013 680 4077 Ι
697 4032 711 4064 2
729 4028 786 4064 non
799 4027 926 4081 σκηνωμα
942 4017 946 4071 Ι
964 4009 1121 4080 ςπλὴρωμα
1135 4028 1184 4081 per
1198 4012 1357 4068 derivatum

215 4101 332 4170 aliquod
350 4100 453 4154 radicis
471 4078 534 4169 &m
548 4117 713 4167 ‚expressum
732 4116 869 4167 umquam.
886 4117 944 4154 esse
963 4099 1063 4154 dubito
1080 4101 1083 4167 Ι
1103 4121 1120 4165 4
1138 4100 1235 4156 deleth
1253 4120 1270 4157 a
1289 4081 1356 4173 ῃῆη

215 4193 287 4246 Prov
306 4211 344 4255 20,
364 4207 376 4256 5
398 4189 515 4242 ductum
534 4188 639 4241 Mosam
659 4187 737 4241 Exod
756 4207 778 4251 2,
799 4207 828 4240 ιο
851 4187 1005 4258 significat:
1031 4188 1081 4256 qui
1099 4189 1178 4245 Exod
1197 4210 1235 4257 34,
1256 4211 1267 4242 r
1288 4207 1355 4259 seqq

214 4280 327 4334 tabulas
345 4278 417 4348 legis
435 4278 578 4330 restauret
593 4277 597 4342 Ι
614 4294 625 4342 5
646 4277 764 4346 γράμμα
783 4276 958 4345 (Latinorum
969 4277 1120 4347 scripulus)
1138 4277 1195 4331 ead
1214 4277 1357 4332 sinistram

215 4383 295 4420 versa
313 4365 435 4420 indicari
453 4365 571 4419 solebat.
609 4363 739 4434 ῥωμαϊστὶ
758 4390 791 4412 =
809 4383 924 4436 graece,
943 4384 1009 4420 nam
1028 4367 1083 4420 ista
1105 4389 1135 4411 =
1158 4365 1172 4430 ἢ
1194 4368 1197 4432 Ι
1220 4371 1234 4418 6
1252 4385 1356 4435 κεᾳααη

215 4456 311 4512 codex.
330 4473 438 4510 versum
459 4472 515 4508 non
534 4453 672 4523 intellego
