3246 5264
800 433 852 476 ΧΠ

369 587 418 642 Zai
436 587 591 657 dupliciter
610 585 761 648 uocitatur,
781 586 810 638 et
829 585 882 658 hec
902 586 932 638 et·
950 583 1036 637 oliuu.

368 677 444 730 Heth
462 677 554 730 uitam
573 681 692 728 θανατου
711 675 852 729 uictorum
872 673 1000 743 predicat
1018 671 1047 725 in
1067 688 1133 740 qua.

370 765 450 819 Teth.
470 767 575 820 bonum
595 783 664 840 opus
683 763 784 819 merito
804 762 964 817 muneratio
982 763 1064 832 larga
1081 762 1225 829 sequetur.
1328 801 1333 811 1

368 855 432 907 loth
451 855 523 910 bene
541 855 715 924 principium
734 860 784 920 est,
803 853 847 907 bis
867 853 953 921 quino
973 869 1071 921 ρηματε
1089 851 1135 905 lex
1158 851 1208 904 est.

370 945 483 1013 Kuphte
498 964 551 1015 χηρ
570 945 709 999 decimam
728 946 791 1012 post
809 943 908 997 littere
926 942 1018 1012 primo
1037 944 1160 995 curarat.

369 1035 473 1088 Lumed
492 1051 574 1088 amen
594 1033 775 1102 disciplinam
794 1032 915 1086 recitare
934 1032 1056 1086 uidetur.

370 1123 445 1177 Mem
464 1126 546 1178 sonat
560 1141 594 1178 ex
612 1123 689 1193 ipsis,
708 1122 851 1176 mandatis
868 1123 977 1176 scilicet
996 1123 1087 1178 ulmis.

371 1212 437 1265 Nun
457 1213 541 1280 plene
561 1213 691 1283 eternum
710 1229 777 1266 uero
796 1227 982 1282 npooroypore
1001 1212 1118 1280 lampat.

371 1301 490 1356 Semecli
508 1301 583 1355 enim
600 1301 739 1355 auxilium
758 1303 854 1355 nostro
873 1319 1000 1356 sermone
1020 1303 1147 1355 uocatur.

372 1390 436 1444 Ain.
457 1394 601 1461 οφθαλμος
619 1410 688 1461 noyn
709 1393 739 1446 et
757 1391 856 1445 iudeus
875 1408 965 1445 sermo
984 1390 1114 1446 recludit.

373 1479 419 1533 ne.
438 1477 508 1534 felix
522 1480 615 1550 fulget
634 1481 780 1534 doctorum
799 1497 898 1548 στωμα,
918 1478 993 1546 quod
1012 1481 1056 1533 est
1074 1483 1112 1533 os.

372 1569 445 1623 Sede
465 1570 681 1624 iustificatorum
699 1571 818 1638 δικεωμα
835 1571 952 1624 relucet.

371 1659 453 1727 Koph
471 1660 627 1714 electorum
649 1660 692 1713 est
711 1659 820 1713 sincera
839 1657 952 1712 uocatio
971 1656 1057 1710 dicto.

373 1748 436 1812 Res,
455 1749 564 1816 nocais,
583 1749 683 1816 caput:
704 1764 739 1800 en
758 1750 824 1800 sunt
842 1747 896 1800 hee
915 1748 972 1799 tres
992 1744 1088 1798 ordine
1104 1744 1212 1816 lingue.

373 1836 428 1890 Seu
448 1837 546 1890 dentes
565 1837 694 1904 replicat,
715 1851 784 1902 quos
803 1853 902 1904 grecus
922 1833 993 1888 dicit
1011 1834 1123 1892 οδοντες.

374 1927 434 1979 Teu
453 1927 565 1996 signum
584 1942 696 1994 craupoo
715 1926 763 1978 uel
776 1924 979 1978 consummatio
991 1923 1090 1978 fertur.

373 2017 449 2070 Haec
464 2017 605 2070 elementa
624 2015 666 2068 bis
686 2014 797 2068 undeno
816 2014 976 2082 conscripto
994 2015 1091 2066 tencre

375 2106 406 2160 Si
425 2106 540 2170 fuerint,
559 2105 666 2160 sociate
685 2105 765 2158 uelut
783 2104 831 2173 pia
850 2104 942 2172 poscit
961 2104 1074 2168 amusis,

373 2195 478 2250 Ordine
497 2196 621 2265 proficuo
640 2195 789 2262 septenum
808 2195 899 2246 stemu
917 2193 1033 2257 relucet,

372 2285 452 2349 Quod
472 2283 562 2354 cupiti
580 2271 637 2353 x—po
656 2284 821 2338 cunctorum
840 2282 974 2336 conuenit
992 2285 1078 2350 utque

374 2374 516 2428 Ecclesiae
535 2373 618 2439 ustis,
638 2389 708 2441 quos
726 2373 840 2442 sanguis
859 2374 964 2442 purget
982 2370 1112 2436 amomi,-

377 2462 451 2515 Ante
471 2463 629 2516 creaturam
648 2461 709 2516 noti
730 2461 803 2530 [sic]‚
822 2462 1011 2531 persimplicis
1029 2465 1105 2534 ugni.

375 2553 432 2606 Hos
450 2570 523 2605 nunc
543 2552 696 2606 uersiculos
715 2569 851 2606 annorum
871 2552 985 2606 dedicet
1004 2554 1071 2608 ordo

374 2642 435 2706 Quo
453 2641 595 2710 baptizari
613 2643 705 2696 uoluit
724 2643 784 2696 sine
804 2661 932 2714 nnypnte
939 2629 1013 2712 xpc.

836 2751 848 2798 3

378 2822 525 2889 καταλογος
542 2837 705 2891 γραμμαιον
723 2822 826 2872 ελλινον

306 2940 308 2943 -
376 2909 517 2976 Quattuor
534 2909 579 2962 his
598 2927 671 2964 nunc
690 2909 836 2964 uersiculis
856 2909 1012 2979 perpende,
1031 2909 1181 2980 magister,
1326 2927 1336 2960 1

376 3001 444 3054 Tres
463 3000 492 3053 in
511 3000 637 3069 personis
659 3019 747 3055 unum
766 3000 796 3053 in
815 3001 923 3055 deitate
943 3001 1097 3069 potentem.

377 3109 395 3140 α
432 3089 490 3142 elfu
509 3091 619 3158 putrem
639 3088 748 3159 signet,
777 3090 911 3156 quonium
930 3092 1017 3158 ceput
1035 3107 1094 3144 csse
1113 3090 1235 3144 uidetur.

376 3185 394 3244 β
430 3178 498 3232 bete
516 3179 606 3246 patris
625 3179 754 3247 genitum
773 3179 891 3232 aeterna
909 3178 1020 3233 ratione
1039 3181 1151 3249 figurat.

377 3287 395 3336 y
431 3283 544 3336 gamma
563 3267 646 3320 simul
666 3269 741 3322 certe
761 3267 892 3336 depingit
910 3285 1016 3339 πνευμα
1036 3269 1151 3322 beatum
1325 3290 1337 3336 5

343 3471 356 3521 7
376 3460 420 3508 zei·
443 3471 539 3509 versus
563 3454 697 3522 requirit,
726 3454 774 3509 sed
798 3467 833 3524 m
852 3457 894 3516 ζαι
914 3479 946 3501 =
965 3472 1004 3509 ze.
1041 3455 1116 3510 oliva
1135 3469 1185 3526 ῃη
1205 3477 1238 3501 --
1257 3483 1357 3519 mm
1378 3480 1409 3502 =

183 3569 188 3578 x
270 3541 330 3608 lira
346 3545 350 3612 Ι
367 3564 397 3596 10
413 3543 631 3599 constitutiones
650 3545 842 3612 apostolorum
868 3544 914 3613 [de
932 3561 1051 3612 quorum
1069 3545 1165 3614 patria
1184 3548 1214 3600 et
1233 3547 1327 3600 aetate
1346 3545 1411 3600 vide

272 3653 316 3690 me
337 3634 411 3690 Gen
434 3640 509 3701 1871,
535 3635 592 3703 526]
613 3635 640 3687 Il
659 3653 687 3700 25
708 3653 727 3704 p
746 3653 785 3701 53,
804 3655 836 3699 24
854 3651 881 3701 25
904 3635 1037 3689 editionis
1062 3653 1141 3690 meae
1166 3634 1228 3688 inira
1253 3633 1318 3705 ὅπερ
1343 3637 1412 3688 ἐστὶν

271 3724 341 3796 ἀρχῆ
361 3725 492 3796 ὀνόματος
505 3723 588 3788 Ἰησοῦ
609 3748 640 3769 =
661 3723 822 3778 Didascalia
841 3729 880 3794 36,
900 3743 928 3792 9:
957 3723 1251 3795 ofDidusculism89‚
1271 3744 1309 3793 13.
1344 3727 1412 3779 hinc

270 3815 373 3872 Raschi
393 3816 429 3870 nd
441 3816 532 3870 (lenes
546 3835 597 3880 2,4
614 3815 644 3868 in
662 3833 770 3884 nupero
784 3814 908 3869 editione
927 3813 1098 3869 berolinensi
1117 3817 1153 3870 eb
1172 3815 1287 3870 indocto
1306 3817 1413 3872 editore
1446 3851 1451 3860 ·

270 3905 420 3958 mutilatus
439 3907 469 3959 et
482 3923 496 3959 e
511 3903 655 3958 codicibus
669 3903 813 3959 veteribus
827 3904 1000 3972 supplendus
1011 3915 1081 3974 57³2
1095 3917 1178 3974 nm
1191 3883 1256 3974 53η
1269 3884 1413 3990 Dffipm.

273 3994 426 4047 contrahe
447 4017 479 4039 =
501 3995 533 4062 ΙΙ,
545 3993 621 4047 iodh.
658 3993 832 4048 onomastice
860 3994 1083 4060 sac1s1206,74
1108 4011 1176 4062 seqq
1197 3995 1317 4049 conlatis
1337 3994 1413 4048 Gen

273 4087 443 4148 1871,1600:
472 4083 522 4136 ubi
540 4087 595 4146 ηθπ
615 4083 645 4136 in
665 4089 701 4147 ηθ
721 4100 743 4154 Π
763 4085 792 4138 et
810 4101 845 4148 ηπ
864 4083 894 4137 in
913 4104 927 4148 η
947 4096 969 4152 ῃ
989 4084 1157 4138 mutandum
1175 4102 1234 4139 esse
1259 4084 1351 4138 docui.
1387 4081 1415 4136 of

271 4172 388 4225 Petrum
407 4169 573 4224 Galaticum
590 4171 664 4238 1119
687 4180 691 4239 1
714 4192 741 4224 11
757 4179 818 4242 χεερ
838 4172 1018 4227 scribendum
1039 4185 1133 4269 ²³1³
1156 4177 1160 4241 l
1182 4192 1211 4226 12
1230 4151 1299 4243 501,
1320 4195 1351 4216 =
1371 4171 1413 4225 ‹u-

272 4259 394 4328 sciplins
412 4275 467 4312 non
488 4260 568 4312 extat
589 4263 593 4326 Ι
616 4280 643 4326 13
666 4270 758 4327 Dm
782 4263 787 4326 1
808 4280 836 4326 15
856 4263 966 4316 semeth
993 4262 1091 4316 codex.
1127 4275 1202 4349 '⁸00
1223 4286 1254 4306 =
1275 4261 1414 4316 auxilium

272 4366 329 4403 non
348 4349 429 4402 extat
451 4353 454 4412 Ι
478 4353 507 4399 16
527 4371 559 4392 =
579 4348 628 4402 ein
647 4352 677 4402 et
695 4349 792 4403 oculus
811 4354 841 4404 et
865 4351 926 4404 fons
946 4351 1024 4419 spud
1042 4351 1183 4405 Hebraeos
1205 4355 1209 4417 Ι
1232 4355 1261 4403 18
1282 4368 1332 4418 per
1350 4351 1414 4404 sim-

272 4439 355 4507 plicis
373 4439 460 4492 codex
483 4441 487 4507 Ι
508 4458 538 4505 29
558 4439 614 4493 Luc
634 4459 656 4507 3,
676 4459 704 4506 23
728 4441 733 4506 Ι
755 4459 786 4506 30
811 4441 940 4507 sequitur
968 4441 1011 4494 bis
1036 4439 1172 4508 scriptum
1198 4442 1317 4493 τετελεστε
1335 4460 1415 4511 εργον

274 4546 424 4596 ενγραπτον
440 4532 443 4597 Ι
460 4549 475 4581 0
494 4531 603 4594 ελλιγων
622 4531 642 4582 Β
