3232 5256
720 392 782 457 165

177 564 285 629 Psalm
308 565 359 648 74,
385 566 426 631 19
447 571 521 650 post
544 565 627 630 aaut
650 561 735 628 adde
757 578 810 645 ρο.
852 560 898 625 ita
921 558 1102 624 Chaldaeus

175 668 283 732 Psalm
310 669 361 752 80,
384 670 405 734 5
428 671 544 736 abana
566 667 671 732 scribe
697 667 826 732 narba:
930 730 933 737 ,

175 770 283 836 Psalm
305 773 357 856 80,
381 774 399 836 t
424 791 499 859 rura
522 771 625 856 scribe
648 789 722 838 utra
746 771 788 834 Ps
810 769 863 852 44,
888 768 928 832 15

176 875 284 939 Psalm
309 877 424 960 80,16
455 876 527 941 dele
563 876 605 962 η’)
630 891 752 940 nunna
784 891 820 958 r:
846 874 921 956 bar,
951 890 969 935 e
992 876 1148 935 commate
1172 869 1211 934 18
1236 871 1317 934 anti-

242 979 357 1064 cipata.
401 980 475 1045 vide
497 1000 548 1044 me
570 979 613 1044 ad
635 979 690 1044 Isa
711 978 764 1062 41,
789 979 805 1040 1
832 982 895 1042 cett

177 1081 285 1146 Psalm
308 1084 359 1167 81,
384 1086 422 1149 17
449 1100 553 1150 araur
575 1083 679 1148 scribe
703 1097 803 1163 artur

177 1186 285 1252 Psalm
308 1189 359 1271 83,
383 1189 403 1252 8
425 1205 487 1254 unz
512 1206 591 1252 *aar
613 1187 714 1252 scribe
736 1201 807 1252 aa:
824 1204 902 1250 rnra*
922 1184 974 1250 vet
988 1200 1085 1250 urst:
1101 1203 1188 1249 rnna
1208 1267 1210 1270 Ι
1232 1186 1319 1267 Tyrc
1353 1266 1359 1276 ἱ

242 1290 332 1355 locus
354 1290 493 1356 hicnon
515 1297 573 1375 cst,
595 1291 731 1356 Bostrae
753 1295 802 1354 est

177 1393 286 1458 Psalm
309 1395 360 1477 83,
383 1395 403 1456 9
428 1411 517 1459 numu
540 1393 643 1460 scribe
665 1409 747 1458 arna

178 1497 285 1562 Psalm
309 1499 381 1582 118,
404 1499 444 1562 27
470 1515 613 1564 minnan
639 1498 743 1564 scribe
768 1511 911 1562 nun-rc:
934 1495 1083 1560 salicibus
1104 1494 1172 1558 ch
1194 1494 1245 1578 23,
1268 1494 1320 1557 40.

246 1599 469 1667 conternans
495 1590 534 1668 uu
558 1601 698 1666 Buxtcrf
716 1601 769 1666 lex
791 1598 887 1664 chald
911 1598 995 1663 1659

180 1705 285 1772 denes
310 1707 338 1790 1,
361 1707 401 1793 27
426 1705 533 1774 trina
558 1708 665 1773 raba:
698 1706 726 1770 si
748 1703 958 1788 Symmachus
989 1701 1025 1764 ἐν
1046 1703 1150 1764 εἰκόνι
1170 1701 1318 1786 διαφόρῳ

244 1810 347 1891 vertit,
371 1811 471 1877 abaci
496 1811 604 1877 :aban
620 1809 709 1893 legit,
732 1814 768 1874 ut
784 1806 841 1875 :br
857 1808 922 1874 ab:
938 1813 987 1871 est
1000 1806 1108 1870 Psalm
1126 1806 1176 1888 12,
1189 1807 1210 1869 3
1223 1805 1320 1869 Paral

247 1915 262 1978 Ι
286 1915 336 1998 12,
352 1917 403 1980 33.
447 1915 526 1980 satis
543 1934 655 1980 recens
669 1912 881 1998 Symmachus
895 1918 954 1995 est,
975 1917 1010 1975 ut
1021 1910 1073 1976 vel
1084 1912 1202 1978 :abaci
1215 1913 1319 1975 :saa

232 2018 275 2100 ei
295 2019 455 2102 placuisse
477 2018 607 2084 credere
628 2019 795 2102 possimus
838 2016 924 2080 idem
940 2017 1063 2080 :rasa
1082 2014 1321 2079 alterumaccu-

245 2122 383 2187 sativum
405 2121 540 2187 credidit
563 2152 604 2177 =
628 2121 746 2206 ὄρθιον
769 2119 847 2206 (non
869 2119 987 2204 ὄρθιον
1003 2115 1020 2180 ὁ
1038 2120 1117 2192 θεὸς
1132 2117 1189 2212 sed
1204 2117 1321 2200 ὄρθιον

246 2227 348 2292 solum
371 2227 522 2312 scripsit).

252 2488 407 2544 Pedanium
434 2487 640 2553 Dioscoridem‚
669 2487 788 2544 Neronis
806 2487 968 2555 aequatem,
998 2489 1138 2544 Anazarbi
1156 2489 1187 2544 in
1206 2489 1324 2546 Ciliciae

181 2577 286 2646 oppido
297 2579 397 2632 natum
411 2595 470 2634 esse
482 2579 603 2649 constat,
621 2577 697 2645 quod
706 2577 791 2632 Tarso
804 2577 880 2631 haud
890 2577 988 2646 procul
998 2577 1087 2635 abest.
1123 2579 1199 2632 hunc
1210 2578 1322 2634 Dicscc·
1410 2644 1412 2650 Ι

181 2667 271 2721 ridem
298 2666 360 2737 περί
385 2664 448 2732 ὄλης
474 2665 588 2737 ἰατρικῆς
611 2666 782 2721 scribentem
811 2664 878 2720 libri
906 2665 1053 2720 exordium
1079 2665 1178 2722 fecisse
1203 2667 1323 2738 legimus

181 2758 280 2812 hocce:
306 2754 413 2808 πολλῶν
436 2753 467 2807 οὐ
492 2755 580 2826 μόνον
604 2754 728 2825 ἀρχαίων
747 2753 815 2806 άλλά
834 2759 878 2805 καὶ
896 2755 965 2806 νέων
982 2756 1187 2825 συνταξαμένων
1204 2757 1265 2824 περί
1282 2756 1324 2818 τῆς

181 2845 232 2898 τῶν
251 2845 408 2915 φαρμάκων
426 2847 566 2902 σκευασίας
583 2861 607 2896 τε
625 2843 672 2896 καί
689 2842 832 2913 δυνάμεως
849 2842 896 2894 καί
914 2843 1089 2912 δοκιμασίας,
1115 2846 1219 2912 φίλτατε
1231 2845 1322 2915 Ἀρειε,

182 2935 348 3004 πειράσομαί
375 2948 418 2984 σοι
442 2931 607 3002 παραστῆσαι
630 2931 668 3002 μὴ
693 2930 770 2995 κενὴν
792 2931 859 3001 μηδὲ
879 2930 980 3000 ἄλογον
1006 2929 1092 3000 ὁρμήν
1110 2949 1145 3000 με
1162 2931 1231 3002 πρὸς
1248 2934 1322 2998 birds
1382 2953 1383 2956 ¹

182 3021 226 3086 τήν
244 3023 433 3091 πραγματείαν
451 3021 588 3090 ἐσχηκέναι
612 3019 658 3071 διά
681 3019 709 3070 τί
728 3018 787 3077 rods
809 3018 861 3089 μέν
880 3018 967 3070 αὐτῶν
984 3019 1021 3089 μὴ
1039 3021 1237 3085 τετελειωκέναι,
1265 3023 1325 3082 τούς
1393 3015 1397 3019 ’

182 3112 211 3164 dt
235 3114 262 3172 ἐξ
285 3113 403 3181 ἱστορίας
426 3109 455 3162 τὰ
479 3111 586 3162 πλείστα
611 3107 782 3180 ἀναγράψαι.
825 3109 895 3162 haec
921 3108 1064 3172 imitatum
1088 3109 1171 3164 credo
1190 3127 1254 3164 eum
1273 3112 1323 3179 qui

182 3201 274 3256 Lucae
295 3220 397 3266 1,1-4
415 3197 542 3268 scripsit:
562 3195 649 3262 έπιιθὴ
662 3215 712 3268 περ
724 3196 819 3250 πολλοί
828 3199 998 3267 ἐπεχείρησαν
1007 3195 1193 3258 ἀνατάξασθαι
1203 3198 1323 3270 ὄιῆγησιν

182 3289 244 3357 περί
260 3290 312 3342 τῶν
329 3288 609 3359 πεπληροφορημένων
627 3288 655 3338 έν
674 3285 738 3356 ἡμῖν
756 3285 932 3356 πραγμάτων,
951 3285 1043 3344 καθώς
1055 3288 1209 3355 παρέάοσαν
1220 3287 1286 3357 ἡμῖν
1298 3291 1325 3340 οῖ

183 3379 230 3432 ἀπ’
249 3377 332 3450 ἀρχῆς
351 3376 476 3430 αὐτόπται
493 3376 541 3429 καί
558 3376 683 3446 ὄπηρέται
701 3375 842 3446 γενόμενοι
859 3374 905 3426 τοῦ
922 3374 1015 3446 λόγον,
1033 3375 1326 3448 έάοξεκάμοίπαρηκο-

182 3469 321 3535 λονθηκότι
346 3467 454 3520 ἄνωθεν
479 3466 561 3520 πᾶσιν
586 3464 704 3536 άκριβῶς
728 3465 842 3528 καθεξῆς
859 3449 901 3516 σοι
918 3454 1041 3535 γράψαι,
1068 3465 1186 3535 κράτιστε
1205 3470 1326 3536 Θεόφιλε,

182 3562 228 3614 ίνα
246 3559 360 3630 ἐπιγνῷς
378 3558 439 3629 περί
457 3549 496 3610 ὦν
513 3557 663 3627 κατηχήθης
673 3557 763 3625 λόγων
774 3555 817 3620 τὴν
830 3554 967 3619 ἀλήθειαν.
1005 3557 1082 3624 qnod
1095 3559 1119 3611 si
1132 3561 1208 3614 recte
1219 3561 1326 3626 dixere,

183 3644 334 3719 probatum
361 3649 418 3712 est,
447 3647 477 3701 in
501 3645 588 3700 tertio
613 3643 762 3714 evangelio
781 3643 903 3697 averiis
928 3645 1058 3698 manibus
1084 3646 1211 3715 profecto
1235 3648 1325 3703 inesse

183 3739 278 3806 partes
304 3734 440 3803 quasdam
468 3735 504 3788 ab
531 3733 593 3803 ipso
617 3733 693 3788 Luca
718 3731 828 3786 madico
852 3731 1000 3801 (Coloss4,
1021 3734 1061 3803 14)
1086 3735 1168 3788 Pauli
1192 3737 1324 3792 tarsensis

183 3825 274 3881 amico
293 3825 420 3893 scriptas.
458 3841 523 3876 nam
542 3827 570 3877 et
590 3821 731 3876 medicum
749 3821 869 3875 decebat
887 3821 1037 3876 materiam
1055 3824 1194 3878 medicam
1204 3843 1283 3882 nosse
1295 3829 1325 3881 et

184 3913 266 3970 Pauli
283 3911 417 3967 tarsensis
441 3911 564 3966 amicum
591 3909 699 3965 rationi
717 3911 937 3964 consentaneum
955 3912 999 3964 est
1016 3911 1122 3966 librum
1141 3913 1175 3968 dc
1193 3916 1255 3969 arte
1274 3932 1324 3970 sua

184 4021 201 4056 a
225 4000 308 4056 Pauli
326 3999 370 4054 sui
389 3999 460 4064 cive,
480 3998 541 4053 viro
559 3997 754 4064 celeberrimo,
773 3997 911 4066 scriptum
929 3997 1040 4068 legisse.
1077 4001 1122 4055 tat
1141 4019 1241 4071 pueros
1260 4002 1324 4056 imi·

183 4092 265 4148 tandi
294 4093 323 4146 et
346 4089 477 4145 variandi
500 4091 575 4144 artes
591 4087 696 4152 docui,
728 4089 761 4140 ut
783 4087 844 4156 ipse
862 4105 907 4142 me
926 4087 957 4140 in
975 4088 1165 4144 diiudicandis
1182 4093 1324 4163 evangelii

184 4181 277 4237 verbis
294 4197 351 4235 non
369 4177 505 4234 erravisse
524 4176 659 4232 arbitrer:
679 4175 723 4229 sin
742 4174 805 4230 aliis
824 4193 902 4230 secus
913 4176 1066 4244 videbitur,
1085 4196 1142 4234 non
1153 4181 1324 4250 refragabor.

185 4270 234 4340 qui
253 4270 277 4324 si
294 4269 486 4324 Dioscoridem
505 4269 585 4332 bene,
603 4267 707 4320 Lucam
719 4265 792 4320 male
805 4267 835 4320 et
847 4284 947 4336 parum
959 4267 1172 4324 adcommodate
1183 4268 1324 4339 scripsisse

185 4357 323 4422 dixerint,
349 4357 379 4410 id
406 4373 456 4426 pro
481 4345 525 4410 me
550 4355 646 4410 valere
673 4353 777 4408 norint.
814 4353 873 4409 fato
892 4353 967 4410 enini
987 4355 1109 4423 quodam
1128 4356 1245 4413 adverso
1264 4361 1325 4414 fieri

184 4447 265 4510 solet,
283 4447 315 4500 ut
333 4445 383 4514 qui
404 4445 561 4508 imitentur,
580 4442 635 4496 nisi
654 4443 723 4496 artis
738 4443 871 4514 pergnari
885 4444 951 4508 sint,
968 4444 1124 4500 miserrime
1137 4446 1325 4515 detorqueant

185 4553 258 4605 quae
277 4534 461 4604 exprimenda
480 4533 535 4589 sibi
556 4535 771 4603 proposuerunt.
808 4535 838 4588 et
855 4534 880 4587 si
892 4533 1083 4590 Dioscoridem
1095 4537 1172 4590 recte
1184 4536 1325 4593 rationem
