3246 5264
770 429 802 468 xl

209 583 389 638 emendatore
409 582 551 645 falsatum,
571 579 614 633 sin
633 579 686 633 hoo
704 577 832 647 placebit
849 577 979 638 diffiteri,
1003 576 1039 630 ab
1058 575 1122 628 aliis
1142 573 1266 630 eiusdem
1280 569 1354 640 psal·
1408 621 1413 624 .

209 673 276 728 terii
292 671 437 727 codicibus
456 671 582 741 Lipsiam
601 669 681 724 facili
705 669 820 738 negotio
839 667 1011 722 arcessendis
1029 668 1059 720 et
1077 665 1174 734 procul
1192 662 1279 716 dubio
1298 678 1353 714 non

208 760 421 815 contemnendis
437 759 540 813 mirum
558 760 698 826 quantum
717 757 871 811 diversum:

280 849 304 902 si
322 848 400 904 Petri
425 848 555 902 Sabatier
582 853 746 918 apparatum
770 845 926 916 perpendit,
959 845 989 897 in
1014 861 1070 912 quo
1095 842 1298 896 nihilomnino
1318 841 1354 895 ad

209 938 261 991 hoc
280 937 445 1005 psalterium
464 937 609 1006 pertinens
628 937 749 990 habetur
771 935 848 1002 (nam
867 935 981 990 Petrum
1003 933 1133 988 Sabatier
1152 932 1295 986 versiones
1313 930 1353 983 la-

209 1026 283 1082 tinas
302 1043 317 1080 c
335 1043 437 1095 gracco
455 1025 561 1095 petitas
581 1025 735 1095 conlegisse
754 1025 801 1078 vel
819 1023 925 1078 novicii
943 1020 1050 1077 tirones
1069 1023 1197 1090 noruntl:

281 1113 306 1167 si
330 1113 453 1168 nescivit
480 1115 595 1168 Petrum
620 1113 766 1177 Sabatier,
795 1113 870 1180 quod
899 1130 984 1182 supra
1010 1113 1098 1182 ipsius
1122 1112 1200 1166 Petri
1225 1111 1354 1166 Sabatier

210 1203 304 1260 verbis
328 1203 461 1273 probavi,
490 1203 639 1273 perpaucis
663 1203 790 1272 exceptis
814 1201 981 1272 psalterium
1000 1203 1165 1271 Hieronymi
1183 1202 1301 1256 tertium
1320 1219 1354 1256 er

210 1295 335 1350 editione
353 1293 482 1348 maurina
500 1293 681 1362 repetivisse:

282 1383 305 1436 si
324 1383 360 1436 ad
379 1399 443 1436 eum
462 1401 616 1450 numquam
640 1383 782 1451 perlatum
809 1383 852 1436 cst
876 1382 969 1451 operis
996 1382 1093 1451 magni
1116 1382 1194 1436 illius
1221 1381 1356 1436 remensis

211 1472 320 1526 tomum
340 1471 492 1525 secundum
513 1471 622 1524 editum
641 1489 699 1526 esse
718 1488 791 1524 anno
809 1491 867 1538 1743
894 1470 960 1539 (nisi
980 1472 1055 1539 quod
1073 1473 1107 1526 de
1127 1472 1182 1526 hoc
1200 1472 1287 1526 etiam
1306 1489 1355 1525 va-

212 1560 273 1614 lent
301 1577 373 1628 quae
401 1559 522 1630 Isserger
540 1559 581 1616 de'
593 1549 698 1629 Xivrey
717 1560 792 1613 e'tude
811 1579 859 1613 sur
879 1563 902 1612 le
921 1566 991 1614 dente
1010 1568 1035 1613 et
1052 1563 1076 1614 le
1093 1564 1159 1631 style
1179 1563 1216 1614 da
1234 1581 1356 1616 monceau

212 1655 350 1703 terminent
369 1649 454 1718 [1856]
475 1668 502 1716 35
524 1650 619 1718 dixit),
638 1667 712 1704 anno
732 1668 790 1716 1751
810 1650 903 1719 primo
921 1652 1031 1704 tantum
1051 1651 1119 1705 folio
1135 1653 1239 1706 novato
1252 1652 1356 1706 iterum

213 1756 333 1793 vaenum
352 1738 480 1793 oblatum
500 1755 572 1794 esse:

283 1829 308 1881 si
325 1828 362 1882 ad
380 1829 475 1882 Psalm
493 1847 532 1897 52,
553 1846 567 1894 7
586 1828 727 1883 Hilarium
746 1827 950 1898 pictaviensem
969 1829 1069 1882 testem
1088 1829 1196 1893 laudat,
1216 1828 1264 1895 qui
1279 1828 1357 1882 Hila-

212 1921 270 1972 rius
288 1935 363 1972 anno
381 1923 425 1984 368
445 1919 573 1972 mortuus
591 1917 713 1987 psalmos
732 1935 747 1972 e
765 1935 866 1986 graeco
885 1935 977 1972 versos
996 1917 1080 1988 legit,
1099 1917 1264 1986 Hieronymi
1283 1917 1357 1986 psal-

212 2008 316 2063 terium
334 2007 416 2061 iuxta
434 2007 577 2061 Hebraeos
595 2024 668 2061 anno
687 2025 731 2074 405
753 2006 862 2060 editum
880 2007 984 2060 vidisse
1003 2025 1059 2061 non
1078 2007 1185 2075 potuit:

285 2099 355 2152 haec
382 2096 499 2164 inquam
525 2097 549 2150 si
576 2096 660 2161 fecit,
688 2096 913 2151 indoctissimum
939 2115 967 2150 se
985 2096 1142 2164 iudiciique
1162 2096 1254 2150 critici
1273 2097 1357 2165 plane

214 2189 360 2256 expertem
378 2186 439 2255 ipse
457 2185 672 2240 demonstravit.

284 2277 359 2330 hunc
382 2276 470 2330 talem
495 2275 637 2328 hominem
660 2274 758 2341 quiin
777 2279 836 2326 arte
856 2272 952 2325 critica
964 2272 1114 2341 principem
1134 2273 1226 2328 dicere
1245 2275 1357 2338 audeat,

214 2382 270 2434 quo
290 2364 403 2418 nominc
422 2363 446 2417 is
464 2363 606 2418 vocandus
627 2365 672 2426 sit,
691 2363 742 2417 alii
760 2362 936 2415 iudicabunt.
971 2377 1037 2414 nam
1055 2361 1165 2414 codices
1184 2362 1311 2418 invenire
1328 2365 1359 2417 et

214 2453 337 2524 publicis
355 2453 495 2507 sumtibus
514 2453 596 2506 edere
616 2454 648 2506 ut
667 2451 859 2522 gratulatione
878 2451 945 2514 hoc,
965 2450 1048 2504 laude
1068 2451 1190 2518 quadarn
1208 2452 1281 2505 illud
1302 2471 1357 2507 non

216 2543 333 2606 carebit,
352 2542 394 2596 ita
413 2543 489 2611 apud
508 2545 633 2596 sensatos
651 2541 778 2596 homines
797 2541 890 2596 critici
909 2541 1047 2594 acuminis
1064 2541 1184 2610 gloriam
1203 2561 1357 2610 numquam

217 2632 320 2702 pariet.

286 2721 344 2774 iam
373 2719 396 2772 si
423 2719 548 2774 codicem
577 2719 744 2774 amiatinum
771 2737 785 2774 a
816 2719 1025 2773 Tischendorfio
1056 2719 1099 2773 bis
1128 2720 1235 2774 editum
1259 2722 1360 2776 scribit

215 2807 379 2863 Franciscus
403 2808 559 2872 Delitzsch‚
589 2824 673 2875 quem
701 2807 828 2862 codicem
849 2808 975 2876 psalterii
992 2815 1091 2860 lenirem
1111 2827 1164 2861 nnn
1181 2811 1355 2878 pellicanum,

214 2899 262 2950 scd
278 2899 367 2967 ipsam
385 2897 619 2966 hieronymianum
638 2896 782 2951 continere
795 2897 874 2961 dicit,
893 2896 1104 2950 meminerimus
1120 2898 1357 2953 Tischendorfium

215 2986 301 3040 semel
321 2984 440 3038 edidisse
459 3001 563 3038 novum
582 2986 783 3038 testamentum
799 2985 938 3048 amiatini‚
957 2984 1036 3038 cuius
1047 2985 1181 3039 editionis
1192 2987 1359 3044 utilissimae

216 3075 346 3143 exempla
364 3090 427 3126 cum
447 3089 498 3142 pro
517 3089 593 3127 more
612 3072 768 3127 doctissimi
787 3073 893 3127 saeculi
911 3073 1002 3127 nostri
1019 3073 1167 3129 divendita
1185 3081 1360 3143 uocassent,

216 3181 290 3219 anno
310 3168 371 3230 1854
384 3161 450 3216 novi
477 3163 642 3218 testamenti
668 3162 800 3218 amiatini
819 3163 973 3218 editionem
992 3165 1112 3218 alteram
1131 3183 1148 3219 a
1166 3166 1284 3222 librario
1304 3187 1360 3224 una

215 3252 331 3323 pagella
348 3268 421 3306 nova
440 3267 545 3305 novum
564 3250 668 3304 librum
687 3251 843 3306 mentiente
861 3268 981 3305 vaenum
999 3253 1173 3321 propositam
1192 3273 1259 3321 esse,
1280 3259 1361 3312 extra

216 3341 342 3412 Lipsiam
352 3357 447 3396 omnes
457 3341 595 3395 novimus.
614 3359 711 3396 verum
722 3340 775 3394 hoc
786 3357 841 3394 non
851 3341 894 3394 est
904 3341 1028 3394 codicem
1037 3342 1204 3397 amiatinum
1216 3345 1259 3400 bis
1269 3347 1361 3403 edere.

216 3433 394 3503 psalmosque
419 3431 486 3485 novi
505 3429 669 3485 testamenti
688 3431 799 3498 partem
818 3446 877 3483 esse
895 3429 966 3481 mihi
985 3429 1100 3496 quidem
1118 3432 1296 3502 incognitum
1309 3439 1362 3500 est,

216 3537 308 3588 neque
327 3519 386 3574 vidi
403 3520 526 3588 psalmos
543 3518 574 3572 in
592 3518 784 3573 voluminibus
800 3518 862 3572 istis
875 3518 956 3571 annis
970 3523 1031 3584 1850
1042 3521 1072 3572 et
1086 3525 1146 3586 1854
1158 3522 1243 3578 editis
1254 3527 1360 3580 extare.

288 3608 370 3676 atqui
394 3607 492 3661 mirari
511 3607 589 3661 subit
616 3625 665 3662 our
684 3607 838 3661 bibliorum
856 3607 970 3660 illorum
989 3608 1092 3661 veteris
1111 3611 1277 3666 testamenti
1295 3613 1360 3667 lati-

218 3713 316 3750 norum
335 3713 352 3750 a
371 3696 516 3751 Theodoro
536 3697 627 3764 Heyse
647 3696 693 3750 edi
713 3698 887 3763 coeptorum,
906 3713 923 3748 a
936 3695 1121 3752 Constantino
1134 3699 1364 3757 deTischendorl

218 3784 411 3838 absolutorum
434 3785 541 3839 mentio
566 3785 620 3838 hoc
646 3785 708 3838 loco
734 3802 751 3838 a
774 3783 922 3838 Francisco
942 3783 1085 3840 Delitzsch
1112 3787 1217 3842 iniecta
1240 3806 1295 3844 non
1314 3793 1361 3856 sit,

219 3871 274 3924 nisi
293 3871 366 3924 forte
385 3890 454 3940 opus
474 3873 546 3926 illud
565 3874 703 3942 puerilius
721 3875 751 3926 et
768 3873 893 3942 ineptius
912 3873 1003 3927 visum
1020 3874 1062 3927 est
1076 3891 1162 3941 quam
1176 3879 1208 3930 ut
1221 3879 1361 3933 nominari

219 3961 255 4014 ab
274 3959 366 4013 amico
384 3962 486 4028 posset.

291 4049 341 4102 His
360 4049 489 4102 omnibus
509 4049 551 4104 ita
570 4051 714 4120 expositis,
734 4067 766 4104 eo
785 4049 969 4119 praefationis
982 4051 1052 4116 loco,
1072 4051 1122 4120 qui
1135 4053 1259 4108 omnium
1273 4057 1362 4110 oculis

219 4139 341 4194 maxime
360 4140 403 4192 est
421 4138 573 4207 expositus,
593 4157 627 4194 ea
638 4139 740 4204 dicam,
760 4157 831 4207 quae
850 4139 885 4193 ab
906 4140 1042 4205 omnibus,
1059 4144 1200 4210 quotquot
1211 4145 1285 4198 libro
1298 4164 1361 4201 mco

219 4228 297 4283 usuri
316 4229 390 4292 sunt,
405 4227 496 4280 teneri
515 4228 587 4281 volo.

291 4334 306 4371 e
325 4315 439 4370 silentio
458 4333 520 4370 meo
539 4316 670 4370 concludi
689 4335 768 4386 posse
787 4317 818 4370 in
840 4318 948 4382 GRW,
968 4319 1022 4372 nisi
1041 4320 1116 4386 quod
1135 4338 1150 4374 e
1170 4339 1185 4392 e
1205 4339 1237 4376 ae
1257 4340 1279 4376 se
1298 4340 1360 4391 per·

220 4406 304 4459 mista
316 4407 483 4474 plerumque
495 4421 551 4458 non
563 4405 694 4470 notarim,
711 4408 823 4476 apertos
833 4406 1013 4461 librariorum
1024 4424 1131 4462 errores
1140 4425 1196 4463 non
1206 4411 1360 4479 receperim

221 4496 250 4547 in
276 4497 443 4563 apparatum
470 4493 526 4547 nisi
553 4495 643 4553 certas
667 4497 702 4549 ob
730 4512 838 4550 causas:
867 4495 932 4550 vide
961 4495 1048 4550 etiam
1065 4497 1102 4550 ad
1115 4498 1213 4552 *Psalm
1232 4519 1255 4565 3,
1275 4519 1297 4566 3.
1330 4501 1361 4554 in
