3246 5264
749 410 781 450 IX

197 575 251 628 nay
279 560 309 613 in
336 561 470 629 psalterio
500 561 596 614 nostro
621 558 729 614 edendo
749 576 777 612 se
799 558 950 612 addixerit.
985 575 1051 612 narn
1070 557 1258 623 inapparatu
1278 569 1340 607 meo

197 664 331 717 persaepe
350 655 390 719 μβ
409 651 445 703 ab
463 649 592 702 omnibus
611 647 754 702 codicibus
765 647 843 701 vides
854 647 1024 710 recedentes,
1043 645 1077 699 de
1088 662 1206 712 quorum
1216 644 1339 698 lectione

197 737 317 790 relatum
337 740 388 791 est.
424 738 501 805 qaod
521 753 655 804 quaerere
674 736 729 790 nisi
748 735 879 790 Lutatiae
898 752 982 789 nemo
998 735 1112 804 poterit.
1183 731 1194 740 “’

268 827 370 881 deinde
392 844 512 882 canones
537 825 730 880 Maurinorum
750 825 946 894 perscrutandi
966 826 1063 888 erunt,
1093 826 1126 876 ut
1144 821 1214 890 quid
1232 822 1267 874 de
1286 821 1340 874 huc

197 915 322 969 codicum
341 916 450 970 familia
470 915 652 970 iudicandum
672 915 709 968 sit
729 916 836 984 pateat.

267 1008 415 1074 praeterea
432 1005 600 1060 scholiastae
618 1003 815 1058 adnotationes
839 1021 934 1058 omncs
958 1002 1144 1072 conligendas
1168 1002 1197 1055 et
1216 1000 1338 1054 examini

148 1163 150 1168 Ι
197 1093 377 1149 subiciendae
402 1097 500 1165 erunt,
520 1093 596 1162 quod
620 1093 760 1163 posterius
786 1091 877 1146 facere
900 1109 957 1146 non
975 1091 1082 1160 poterit
1100 1089 1154 1142 nisi
1174 1088 1224 1156 qui
1242 1089 1272 1141 et
1290 1087 1340 1142 ad·

197 1185 296 1238 curata
319 1185 433 1254 linguae
457 1184 607 1238 hebraicae
633 1183 752 1236 scientia
771 1181 924 1236 instructus
943 1181 981 1234 sit
999 1181 1028 1234 et
1047 1197 1120 1248 quae
1140 1178 1286 1248 opiniones
1305 1176 1340 1231 dc

197 1273 315 1343 singulis
334 1273 479 1327 vocabulis
497 1272 637 1328 hebraicis
655 1270 864 1326 difficilioribus
883 1271 1003 1325 saeculis
1016 1271 1097 1324 sexto
1107 1269 1227 1338 septimo
1239 1268 1340 1322 octavo

198 1361 340 1415 valuerint
358 1364 537 1430 perspectum
554 1361 669 1415 habeat.

269 1449 358 1516 quid?
388 1450 463 1517 quod
489 1448 658 1504 excutienda
683 1450 766 1502 erunt
784 1466 857 1516 quae
877 1449 1062 1517 Hieronymus
1080 1449 1111 1502 in
1129 1448 1210 1502 libris
1230 1449 1287 1502 suis
1305 1448 1341 1501 de

199 1537 369 1607 psalmorum
391 1537 460 1591 locis
483 1537 578 1606 docet,
609 1540 638 1591 et
657 1537 801 1608 speculum
821 1537 973 1606 Augustini
998 1537 1210 1592 benedictinum
1230 1555 1341 1606 compa-

198 1627 256 1680 rari
275 1625 399 1690 debebit,
418 1626 493 1694 quod
512 1621 646 1696 psalterio
666 1628 761 1680 nostro
782 1625 822 1679 uti
843 1628 942 1679 notum
961 1628 1011 1680 est.
1049 1628 1180 1679 neutrum
1198 1625 1252 1678 nisi
1265 1625 1342 1678 codi-

199 1714 278 1768 cibus
296 1714 438 1770 veteribus
457 1714 611 1784 diligenter
629 1714 766 1768 adhibitis
784 1714 846 1768 fieri
858 1714 973 1782 poterit.
1010 1713 1075 1768 vide
1090 1714 1211 1784 Augusti
1225 1713 1342 1768 Reiffer-

176 1845 178 1850 .
199 1803 295 1882 sqheid
312 1804 515 1858 bibliothecam
534 1807 645 1874 patrum
666 1803 821 1857 latinorum
841 1803 968 1858 italicam
991 1807 1029 1866 66,
1048 1801 1182 1872 tdbinger
1203 1801 1343 1870 theologi-

200 1893 264 1946 sche
290 1892 504 1960 quartalschrift
530 1897 598 1958 1872,
619 1896 672 1958 34⁶·

231 2022 236 2026 .
269 1982 314 2034 his
334 1981 462 2035 omnibus
480 1980 618 2035 absolutis
636 1981 803 2050 psalterium
822 1981 905 2035 iuxta
923 1981 1065 2036 Hebraeos
1081 1981 1247 2050 Hieronymi
1264 1981 1342 2050 typis

199 2070 242 2124 ita
263 2069 478 2138 exprimendum
497 2070 560 2133 erit,
580 2071 613 2124 ut
630 2070 720 2124 forma
738 2070 901 2124 litterarum
919 2067 956 2123 ad
975 2070 1121 2124 dexteram
1139 2071 1341 2124 inclinaturum

199 2159 411 2229 distinguantur
430 2177 502 2227 quae
522 2159 709 2229 Hieronymus
727 2177 742 2214 e
763 2162 858 2214 vetere
877 2159 1005 2214 versione
1024 2160 1054 2212 in
1072 2178 1151 2214 suam
1167 2163 1342 2230 transsump-

199 2249 249 2303 sit:
277 2249 376 2303 horum
405 2249 480 2302 enim
506 2249 629 2317 pretium
654 2249 748 2302 minus
772 2265 830 2302 esse
854 2266 940 2315 quam
958 2266 1094 2303 novorum
1114 2267 1209 2304 omnes
1228 2252 1342 2306 conlite-

199 2342 314 2394 buntur.
348 2339 413 2394 huic
437 2339 558 2394 editioni
582 2339 746 2393 subicienda
772 2341 856 2392 erunt
882 2339 1001 2406 Aquilae
1020 2341 1050 2393 et
1076 2340 1237 2408 Symmachi
1255 2341 1342 2396 inter·

200 2429 373 2498 pretationes
390 2429 426 2482 ab
445 2428 616 2496 Hieronymo
635 2429 785 2496 probatae:
807 2445 871 2481 nam
890 2428 1093 2496 Hieronymum
1112 2446 1166 2483 non
1180 2447 1289 2500 semper
1307 2450 1341 2486 ex

199 2519 322 2573 hebraeo
347 2517 475 2582 vertisse,
502 2517 551 2572 sed
576 2517 626 2571 ubi
651 2534 695 2572 res
721 2534 776 2570 non
797 2518 867 2572 bono
885 2517 1071 2587 procedebat,
1105 2518 1141 2572 ad
1161 2521 1294 2587 Aquilam
1314 2525 1344 2576 et
1384 2515 1386 2522 ’

200 2608 397 2677 Symmachum
415 2607 581 2678 confugisse,
600 2610 709 2670 veteres
720 2608 831 2672 norant,
849 2609 881 2661 hi
893 2608 982 2662 nostri
991 2609 1129 2663 nesciunt.
1166 2613 1344 2678 quaeomnia

200 2699 224 2752 si
242 2699 318 2753 facta
337 2699 429 2763 crunt,
448 2697 614 2767 psalterium
626 2699 680 2752 hoc
693 2699 821 2752 nostrum
831 2697 955 2752 examini
966 2698 1137 2766 psalmorum
1146 2699 1342 2755 hebraicorum

201 2786 300 2841 critico
318 2787 423 2856 poterit
440 2785 578 2840 adhiberi.

271 2875 404 2944 Superest
422 2876 455 2926 ut
474 2874 507 2928 de
533 2872 657 2928 editione
681 2871 812 2940 psalterii
830 2874 866 2927 ab
885 2874 1057 2942 Hieronymo
1076 2891 1110 2928 ex
1129 2876 1251 2931 hebraeo
1271 2880 1343 2932 versi

96 3025 100 3032 ¹
200 2963 315 3030 loquar,
344 2980 429 3030 quam
456 2961 616 3030 nuperrime
645 2959 845 3014 Constantinus
864 2961 898 3014 de
918 2960 1104 3016 Tischendorf
1117 2964 1240 3018 curavit:
1268 2968 1343 3034 quod

200 3063 258 3104 non
276 3049 349 3104 facio
367 3049 424 3103 nisi
439 3049 552 3118 ingenti
570 3048 666 3102 toedio
684 3047 769 3102 victo.

272 3138 380 3208 prodiit
396 3138 486 3208 igitur
503 3139 557 3192 hoc
576 3153 650 3192 anno
671 3142 732 3204 1874
749 3137 875 3202 ineunte,
895 3136 1062 3210 Gottingam
1080 3141 1206 3210 perlatus
1220 3147 1263 3199 est
1275 3147 1344 3200 ante

201 3229 277 3284 diem
295 3229 334 3283 IX
352 3229 408 3283 Kal
425 3227 593 3283 Februarias
611 3228 675 3280 liber
689 3229 860 3298 psalmorum
879 3227 1018 3282 hebraicus
1030 3236 1109 3300 atque
1121 3234 1220 3288 latinus
1232 3236 1264 3288 ab
1275 3237 1344 3290 Hic·

201 3337 314 3390 ronymo
339 3337 372 3371 eoo
395 3317 507 3370 hebraeo
530 3335 680 3370 oenomaus.
720 3316 870 3369 consociata
889 3335 971 3386 opero
991 3317 1131 3372 erli'dorunt
1155 3322 1344 3376 Constantinus

202 3411 232 3463 de
254 3410 432 3475 Tundendors
448 3409 544 3460 SBaer
562 3407 749 3475 FrDelitrsolr,
768 3405 798 3459 in
818 3423 874 3473 quo
894 3406 1000 3476 pagina
1019 3407 1048 3462 iv
1061 3410 1131 3464 haec
1142 3412 1241 3466 scribit
1257 3415 1343 3469 Fran·

200 3500 290 3554 ciscus
305 3497 460 3553 Delitzsoh:
486 3497 609 3566 Quisquis
628 3496 712 3565 maius
732 3495 899 3564 Hieronymi
915 3496 1062 3548 versionem
1080 3498 1232 3570 [psalterii]
1249 3521 1343 3572 coppo.

200 3604 271 3640 scere
290 3587 369 3656 cupit,
392 3604 459 3655 quae
477 3585 582 3654 quidem
591 3583 774 3637 saltatoriam
784 3588 810 3635 ot
820 3589 904 3636 matus
914 3589 941 3636 et
952 3585 1181 3655 interpretationis
1189 3592 1342 3658 plurimum

201 3679 285 3740 aaut,
315 3677 358 3728 liic
381 3693 483 3728 necesse
507 3680 547 3727 est
575 3675 653 3726 adeat
677 3675 719 3726 ocl
742 3679 843 3726 tomum
862 3674 895 3726 X
910 3673 996 3744 (1771)
1018 3694 1128 3745 operum
1148 3680 1310 3750 Ilrcronymi
1326 3703 1343 3735 a

209 3766 340 3820 Vallarsio
358 3765 489 3818 solitorum
508 3765 548 3816 vel
566 3769 576 3814 t
593 3763 633 3815 ΙΙ
646 3761 732 3833 (1751)
751 3764 838 3833 operis
856 3763 941 3828 illius,
967 3765 995 3817 in
1014 3785 1065 3835 qno
1095 3767 1257 3825 salutarius
1280 3771 1342 3840 (Sa-

202 3855 297 3923 batier)
317 3853 453 3906 bibliorum
472 3870 612 3906 sacrorum
627 3853 725 3906 latinos
736 3853 869 3905 cursiones
881 3854 1006 3922 antiquas
1015 3856 1126 3926 oollcpit.
1164 3865 1238 3912 tanto
1248 3863 1346 3914 maiori

201 3942 305 3995 laetitia
324 3941 434 4010 affectus
452 3959 525 4005 sum,
546 3941 618 4010 quod
638 3941 827 3995 Constantinus
847 3942 878 3993 de
902 3943 1090 4012 Tischendmf,
1116 3947 1160 3999 vir
1178 3954 1205 4001 ct
1222 3950 1343 4005 doctrina

201 4039 226 4086 et
243 4029 349 4100 inpenio
369 4029 397 4080 in
415 4033 472 4081 arte
501 4029 595 4082 critico
617 4031 703 4098 facilc
719 4030 846 4100 princeps
866 4069 926 4084 .....
945 4032 1046 4084 socium
1063 4052 1090 4085 se
1108 4037 1210 4089 Baerr'o
1229 4041 1343 4110 milu'que

201 4121 348 4188 odiunpore
366 4117 463 4170 annuit
479 4116 516 4169 aa
534 4118 729 4188 conficiendum
743 4120 903 4188 psalterium
923 4159 982 4174 .....
1002 4125 1124 4177 assumsit
1141 4126 1225 4195 ipitur
1243 4135 1342 4184 aarum

200 4208 392 4262 cullarsr'anum
465 4223 576 4274 cunque
595 4207 691 4259 collato
710 4207 796 4261 codice
816 4208 944 4261 amiatino
964 4250 1014 4276 ...,
1033 4213 1082 4281 qui
1092 4215 1125 4266 ab
1139 4215 1197 4284 ,μθ
1210 4217 1343 4274 ineditus

201 4297 281 4365 (1850.
300 4298 341 4366 54)
357 4295 481 4364 psalterii
497 4300 599 4349 testum
618 4314 671 4348 non
688 4297 860 4366 pullicorum,
882 4299 929 4350 secl
943 4299 1032 4368 ipsum
1041 4302 1343 4373 hieronymianurnoon-

202 4387 275 4447 tinet,
298 4391 323 4438 ot
341 4385 435 4455 umque
454 4403 587 4454 perpenso
613 4386 704 4438 critico
734 4387 862 4441 Vallarsii
878 4392 904 4439 et
923 4388 1063 4444 Salutarir'
1133 4387 1266 4464 apparata
1285 4403 1345 4454 aori

202 4475 298 4527 iurlirio
316 4475 474 4544 rocopnooit.
515 4474 550 4528 ad
570 4491 642 4542 quae
662 4475 781 4532 dicenda
799 4476 868 4531 haec
887 4478 960 4530 sunt.
