3232 5256
741 436 780 500 91

192 601 281 668 niam
303 602 415 670 molior
436 610 485 671 est
507 604 631 672 diesin
652 603 743 672 atriis
765 604 829 670 tuis
850 623 946 688 super
961 604 1066 672 milia:
1088 603 1173 688 elegi
1186 600 1332 670 abiectus

191 726 261 774 esse
293 708 328 772 in
361 709 455 777 domo
485 710 537 776 dei
565 711 629 776 mei
648 709 754 794 magis
774 729 870 793 quam
893 709 1039 776 habitare
1062 711 1097 775 in
1119 708 1332 776 tabernaculis

190 812 374 897 impietatis.
421 813 536 898 ¹²quiu
567 815 616 882 sol
644 820 676 882 et
698 821 822 881 scutum
844 813 992 881 dominus
1013 814 1108 882 deus:
1140 813 1278 899 gratiam
1299 820 1332 880 ct

190 916 329 1000 gloriam
350 917 441 984 dabit
462 918 624 986 dominus:
646 938 707 984 nec
728 918 911 1004 prohibebit
930 920 1051 985 bouum
1073 920 1114 986 ab
1130 919 1179 984 his
1195 919 1249 1002 qui
1263 937 1330 982 arn·

189 1019 303 1086 bolant
322 1021 357 1086 in
378 1020 582 1106 perfectione.
629 1023 794 1090 1³domine
815 1023 1021 1109 exercituum,
1042 1025 1157 1092 beatus
1170 1023 1264 1089 homo
1275 1021 1331 1104 qui

190 1124 321 1192 confidit
343 1126 377 1190 iu
399 1131 440 1192 te.
1030 1135 1042 1154 “

740 1233 783 1300 85

280 1334 434 1420 ¹Victori,
456 1335 594 1402 liliorum
616 1335 708 1422 (lore,
730 1337 900 1404 canticum.
945 1337 1114 1404 ²Plaoatus
1136 1335 1370 1421 cacuminum

188 1445 294 1506 terrae
327 1446 419 1524 tuae,
452 1437 609 1506 reduxisti
630 1439 850 1525 captivitatem
869 1441 977 1509 Iacob.
1022 1439 1191 1508 ³dimisisti
1215 1439 1331 1522 iniqui-

188 1550 289 1610 tatem
309 1544 428 1630 populo
450 1550 515 1612 tuo,
535 1545 689 1631 operuisti
710 1565 821 1612 omnes
842 1546 1027 1630 iniquitates
1040 1566 1158 1612 eorum.
1202 1566 1332 1610 sunnam

189 1648 399 1716 *conmutat
420 1668 548 1716 omnem
568 1647 826 1733 indignationem
847 1655 946 1736 tuam,
968 1671 1140 1716 conversus
1163 1669 1197 1718 es
1219 1649 1261 1714 ab
1280 1649 1332 1716 ira

190 1753 306 1820 furoris
326 1753 384 1818 tui
427 1751 602 1820 ‘converte
624 1773 700 1839 nos,
721 1754 813 1822 Iesus
834 1762 952 1839 noster,
974 1761 1007 1820 et
1027 1754 1117 1820 solve
1137 1754 1220 1820 iram
1241 1759 1330 1818 tuom

188 1856 362 1925 adversum
393 1877 461 1924 nos.
506 1856 595 1925 ⁶noli
627 1857 662 1924 in
693 1845 872 1926 aeternum¹
887 1859 984 1925 irasci
1009 1859 1119 1942 nobis,
1154 1854 1332 1924 extendeus

109 2023 114 2037 ,
189 1961 272 2028 iram
293 1968 382 2027 tuam
405 1982 426 2027 a
448 1961 656 2046 generatione
677 1962 711 2028 in
733 1963 982 2047 generationem.
1029 1961 1153 2028 ⁷nonne
1175 1966 1210 2026 tu
1225 1979 1330 2028 rever-

187 2072 258 2132 tens
280 2065 461 2132 vivificabis
484 2085 552 2151 nos,
574 2071 607 2132 et
620 2065 757 2151 populus
770 2073 844 2133 tuus
858 2065 1031 2132 laetabitur
1042 2065 1077 2130 in
1089 2065 1144 2130 te?
1175 2061 1331 2132 ⁸ostcnda

188 2170 290 2255 uobis,
312 2169 441 2236 domine
461 2168 713 2236 misericordiam
735 2176 835 2254 tuam,
855 2176 886 2236 et
908 2169 1157 2236 salutaretuum
1171 2168 1216 2233 da
1228 2169 1330 2234 nobis.

183 2272 344 2340 ”audium
375 2274 452 2356 quid
474 2274 622 2356 loquatur
644 2273 792 2340 dominus
814 2273 909 2340 deus:
941 2272 1087 2358 loquetur
1108 2272 1194 2338 enim
1214 2291 1329 2358 pacem

187 2377 230 2444 ad
258 2378 411 2464 populum
440 2397 532 2444 suum
562 2378 660 2444 etad
687 2385 928 2462 nanctoacum,
962 2385 1082 2444 utnon
1103 2381 1330 2445 convertantur

187 2482 231 2549 ad
251 2481 427 2548 stultitiam.
474 2482 501 2520 ¹⁰
511 2487 729 2548 verumtamen
757 2502 857 2568 prope
887 2487 936 2548 est
956 2481 1007 2548 lris
1036 2481 1091 2568 qui
1111 2480 1224 2546 timent
1256 2499 1330 2544 eum

186 2586 329 2653 salutare
351 2586 428 2672 eius,
451 2593 486 2652 ut
507 2585 629 2652 habitet
647 2585 751 2670 gloria
764 2586 897 2652 interra
910 2591 1028 2654 nostra.
1074 2582 1330 2651 11misericordia

186 2696 219 2757 et
252 2691 372 2758 veritas
412 2697 630 2775 occurrerunt,
671 2689 795 2758 iustitia
834 2696 866 2758 et
901 2711 966 2776 pax
1007 2689 1213 2757 deosculatae
1245 2695 1328 2754 sunt.

190 2794 217 2833 ¹²
227 2795 347 2862 veritas
375 2796 417 2861 dc
445 2802 531 2861 terra
561 2800 632 2860 ortu
661 2801 720 2880 est,
750 2801 783 2860 et
812 2794 935 2860 iustitia
966 2794 1007 2860 de
1036 2795 1125 2860 caelo
1155 2793 1330 2878 prospexit.

188 2899 283 2967 ¹³sed
304 2905 336 2964 et
359 2898 505 2964 dominus
528 2896 618 2964 dabit
640 2899 769 2981 bonum,
790 2903 823 2962 et
843 2902 929 2962 terra
950 2902 1061 2962 nostra
1083 2896 1174 2962 dabit
1195 2914 1329 2979 germen

186 3023 287 3070 suum.
334 3001 360 3040 ¹⁴
369 3002 493 3068 iustitia
515 3006 592 3066 ante
614 3019 687 3066 eum
708 3000 779 3085 ibit,
801 3005 833 3065 et
853 3006 951 3084 ponet
972 3000 1007 3066 iu
1027 3000 1081 3068 via
1096 3019 1225 3086 gressus
1242 3019 1328 3066 suos.

276 3209 419 3294 1Oratio,
440 3208 558 3275 David.
600 3207 736 3293 Inclina,
758 3206 895 3287 domine,
918 3228 1027 3276 aurem
1049 3213 1138 3275 tuam
1159 3214 1192 3274 et
1208 3208 1369 3279 exauria

185 3336 254 3400 me,
288 3315 365 3399 quia
398 3333 520 3397 egenus
549 3318 582 3378 et
609 3331 732 3397 pauper
760 3331 839 3378 sum.
886 3311 1029 3379 'custodi
1050 3313 1191 3379 animem
1213 3333 1328 3399 meam,

187 3422 263 3506 quia
286 3427 416 3490 sanctus
438 3439 524 3487 sum:
546 3418 638 3484 salva
654 3438 781 3486 servum
794 3424 892 3504 tuum,
914 3418 994 3486 deus
1007 3439 1105 3505 meus,
1130 3418 1329 3504 quiconfidit

259 3620 286 3655 11
303 3606 367 3671 post
384 3600 445 3655 (lies
467 3603 496 3665 Ι-
520 3617 576 3656 una
593 3601 623 3654 B
641 3601 647 3667 Ι
670 3619 697 3652 ιι
718 3597 789 3654 atris
807 3599 836 3652 R
858 3603 862 3664 Ι
886 3618 914 3652 ιι
935 3598 1096 3654 habitarem
1114 3597 1143 3650 R
1163 3597 1169 3667 Ι
1192 3617 1221 3650 12
1240 3597 1275 3667 ijs
1292 3598 1327 3669 ξΙ

187 3707 199 3742 ι
219 3689 251 3743 in
273 3691 358 3745 finem
382 3689 450 3743 liliis
468 3689 553 3746 chore
571 3689 696 3759 psalmus
714 3687 1003 3761 uoxnapostolica
1021 3687 1057 3741 ad
1076 3687 1220 3742 novellum
1238 3702 1328 3756 popu·

186 3780 246 3833 lum
265 3780 294 3831 R
315 3791 320 3845 Ι
343 3799 355 3832 ι
375 3780 458 3834 chors
483 3781 541 3847 Wt
564 3799 575 3832 1
595 3779 721 3849 psalmus
739 3779 800 3846 ξφδ
818 3779 826 3847 Ι
847 3799 860 3846 3
880 3793 991 3846 semper
1007 3781 1043 3841 >
1062 3778 1106 3843 R,
1134 3777 1260 3830 adustio
1286 3775 1328 3842 W,

185 3867 244 3922 sela
261 3868 290 3920 ia
310 3868 325 3926 ξ
345 3869 350 3932 Ι
372 3887 388 3931 4
406 3868 569 3923 contrivisti
589 3869 614 3921 θ
635 3875 639 3934 Ι
663 3885 676 3936 5
696 3874 759 3922 ante
778 3868 855 3922 lesus
875 3871 905 3932 Ι»
927 3867 995 3921 deus
1011 3865 1178 3936 flatuRWl
1193 3882 1206 3931 5
1220 3852 1272 3918 urm
1293 3865 1329 3930 G,

186 3957 282 4013 hiesus
300 3957 377 4022 RW,
396 3955 528 4011 salutaris
548 3959 570 4010 S
584 3961 589 4024 Ι
606 3963 620 4010 6
638 3957 850 4027 agenemttone
864 3957 893 4011 in
905 3956 1116 4026 generationem
1127 3957 1184 4026 χθ,
1203 3955 1233 4010 in
1243 3972 1328 4026 gene·

184 4045 324 4102 rationem
343 4047 373 4100 ot
390 4044 603 4115 generationem
620 4045 785 4116 βμξφΕΨΙ
801 4051 815 4099 8
834 4044 947 4100 domine
964 4044 1047 4100 nobis
1068 4045 1102 4109 G,
1120 4045 1167 4097 sed
1184 4043 1265 4100 nobis
1283 4063 1327 4098 aa·

182 4153 232 4206 per
249 4151 358 4188 emaum
380 4134 385 4201 Ι
409 4151 424 4200 9
441 4132 509 4186 deus
532 4133 663 4188 dominus
684 4140 724 4205 βμ
745 4136 749 4200 Ι
771 4153 785 4201 9
804 4135 837 4187 ut
855 4135 1055 4190 convertuntur
1078 4134 1116 4188 ab
1133 4133 1259 4190 stultitia
1277 4135 1323 4205 D!

186 4243 215 4277 ιο
233 4224 268 4293 ijs
286 4226 300 4284 ξ
316 4223 322 4284 Ι
338 4241 368 4274 ιο
385 4220 532 4276 inhabitet
556 4223 608 4289 W}
626 4243 637 4275 1
655 4229 717 4294 post
734 4221 820 4278 david
839 4227 869 4289 -Ι-
889 4239 941 4292 per
958 4221 1096 4278 ieiunium
1115 4239 1169 4278 vox
1179 4222 1327 4277 christiad

185 4316 294 4384 patrem
313 4311 341 4364 R
357 4314 391 4378 Ιι
410 4309 524 4366 domine
543 4316 577 4377 >
597 4312 625 4365 R
641 4313 645 4380 Ι
663 4333 674 4366 ι
695 4315 725 4368 et
738 4313 818 4382 priua
836 4317 870 4378 >
888 4311 1054 4382 βμξφΙΙΨΙ
1071 4331 1083 4364 ι
1104 4310 1155 4378 qui
1173 4312 1202 4365 R
1217 4312 1223 4376 Ι
1240 4327 1326 4365 usum

189 4403 223 4466 θ,
241 4416 294 4470 ego
312 4405 359 4469 ῥμ,
378 4416 439 4452 sum
457 4414 510 4470 ego
528 4401 574 4468 ξφ,
592 4418 645 4471 ego
663 4419 724 4456 sum
741 4402 817 4456 RW.
830 4405 907 4472 gout
919 4421 952 4446 =
965 4400 1002 4467 ξφ
1021 4403 1070 4454 aut
1082 4421 1114 4444 =
1128 4400 1215 4467 RWl
1232 4416 1326 4468 aquo·

183 4491 262 4546 niam
286 4489 338 4555 Wl
355 4509 369 4542 2
387 4489 424 4541 ud
440 4491 554 4544 sauctus
572 4489 768 4548 &misericors
790 4492 795 4557 Ι
817 4507 899 4561 apro
917 4506 979 4544 sum
996 4492 1036 4561 βμ
1054 4505 1107 4559 ego
1122 4493 1129 4555 1
1144 4508 1159 4543 2
1176 4495 1239 4544 aaa
1257 4489 1326 4546 daus
1439 4497 1440 4504 ’

186 4587 216 4649 -Ι-
236 4583 269 4636 tu
286 4580 437 4652 βμξφΕΠῙ
450 4586 544 4636 coatm
557 4583 608 4652 χθ
