3232 5256
552 1030 955 1118 COROLLARIUM.

267 1227 306 1291 ln
328 1228 411 1294 libro
426 1228 602 1295 zeitschrift
617 1227 675 1294 der
689 1226 864 1294 deutschen
874 1221 1195 1309 morgenlandischen
1207 1186 1320 1305 gescll-

180 1329 288 1394 schatt
319 1333 418 1397 XXII
447 1334 509 1398 331
539 1351 649 1399 mense
677 1331 830 1398 Ianuario
863 1329 941 1394 anni
964 1329 1048 1393 1868
1081 1327 1215 1411 exposui
1240 1343 1319 1390 urin*

183 1452 255 1499 esse
285 1441 479 1521 creatorem,
511 1437 567 1500 τὸν
595 1439 651 1499 rot
680 1435 764 1498 atvar
786 1437 898 1498 αἴτιον.
940 1452 1023 1516 quae
1045 1451 1117 1498 cum
1139 1430 1320 1511 scriberem,

181 1536 363 1603 nesciebam
384 1538 561 1604 Iohannem
583 1539 742 1604 Olerioum
764 1537 819 1602 diu
834 1542 910 1602 ante
927 1555 978 1601 me
988 1535 1023 1600 in
1036 1534 1148 1602 eadem
1161 1532 1321 1599 sententia

180 1638 289 1725 fuisse,
311 1647 344 1706 et
364 1642 569 1708 Wilhelmum
592 1643 764 1708 Gosenium
785 1642 819 1708 in
842 1639 984 1706 thesauri
1004 1639 1114 1704 11577
1132 1658 1217 1702 anno
1235 1637 1320 1702 1839

179 1741 269 1810 haud
300 1743 347 1810 ita
374 1745 509 1811 multum
537 1745 658 1812 aluisse
688 1752 723 1811 ut
738 1827 743 1837 Ι
756 1765 828 1812 eam
860 1741 1103 1809 commendaret.
1132 1748 1165 1806 et
1188 1739 1320 1807 Gesenii

182 1845 311 1929 quidem
331 1849 447 1915 librum
468 1870 533 1915 non
555 1849 623 1915 vidi
645 1848 708 1915 nisi
729 1835 903 1934 postquam
910 1847 1124 1929 Schleusinga
1135 1844 1320 1910 Berolinum

179 1951 280 2018 redux
302 1952 343 2018 de
373 1953 598 2039 comparandis
619 1953 710 2020 libris
732 1953 776 2019 ad
797 1951 1153 2034 munusaoedemIoum
1173 1968 1320 2016 necessa·

178 2055 235 2120 riis
257 2075 424 2140 coeperam
447 2057 606 2141 cogitare:
638 2056 856 2143 clericumt),
878 2056 932 2139 qui
954 2056 1048 2121 annis
1072 2055 1158 2120 1844
1179 2060 1212 2119 et
1234 2045 1329 2119 1845'

178 2158 491 2244 Hengsteubergium
513 2160 684 2244 audissem,
706 2160 947 2226 acerbIssimum
968 2159 1054 2224 illins
1076 2159 1319 2240 exagitatorem,

179 2268 211 2328 et
231 2268 344 2346 postea
365 2265 403 2328 R.
424 2264 561 2330 Bentleii
582 2264 737 2348 epistulas
752 2264 913 2346 legissem,
934 2282 998 2326 non
1013 2259 1318 2343 magnifaciendum

179 2385 364 2433 censueram
373 2365 442 2453 ll⁶),
475 2367 663 2451 pracsertim
695 2387 767 2432 oum
804 2385 941 2450 graecae
970 2365 1102 2447 linguae
1134 2362 1318 2448 permodica

178 2467 314 2533 scientia
336 2488 416 2538 ,eum
444 2489 537 2534 usum
566 2476 728 2535 ettamen
758 2468 1019 2554 superbissimum
1046 2467 1145 2532 fuisse
1167 2466 1319 2533 viderem.

178 2589 282 2654 neque
305 2570 362 2636 alii
383 2591 424 2636 ac
446 2573 537 2638 casui
567 2573 668 2640 debeo
691 2572 776 2656 quod
799 2573 840 2640 de
862 2572 986 2638 Olerioo
1009 2571 1123 2637 melius
1144 2591 1229 2637 nuno
1251 2572 1318 2656 opi·
1418 2645 1422 2655 ¹

178 2696 244 2741 uer.
287 2696 362 2741 nam
391 2675 435 2742 ad
455 2677 581 2743 Petavii
607 2678 858 2761 theologicorum
880 2677 1065 2760 dogmatum
1088 2677 1167 2742 VIII
1189 2679 1220 2761 9,
1242 2678 1260 2741 Ἰ
1285 2677 1319 2740 iu

178 2780 317 2846 editione
338 2781 567 2866 antwerpiensi
588 2783 666 2847 anni
689 2783 776 2848 1700
796 2783 813 2847 I
833 2781 897 2846 342
915 2781 1078 2864 adscripta
1092 2779 1161 2846 vidi
1179 2801 1200 2846 a
1216 2779 1320 2846 Theo-

177 2882 266 2967 philo
296 2883 464 2968 Alethino,
496 2883 551 2967 qni
578 2889 768 2968 personatus
790 2884 933 2950 Clericus
955 2889 1012 2967 est,
1034 2882 1115 2948 haeo
1137 2885 1175 2948 ele
1195 2885 1321 2948 nomine

177 2991 439 3068 tetrupruoorooto·
451 2988 511 3069 epit
526 3007 666 3067 nuperus
678 2988 877 3068 pentateuchi
890 2989 1046 3068 interpres
1063 2965 1320 3069 ...sostendttqoe

178 3109 211 3154 eo
231 3089 409 3172 stpoiptcurt'
432 3109 501 3154 eum
522 3090 576 3172 qut
595 3090 675 3172 fucit
695 3095 730 3154 ut
751 3110 803 3154 res
824 3090 900 3170 siut,
922 3089 1141 3171 revsoroopydv
1163 3111 1218 3156 seo
1236 3111 1320 3156 ereo-
1342 3081 1343 3084 '

176 3199 273 3257 torem
294 3197 324 3256 et
345 3194 514 3274 effectorem
535 3213 649 3258 rerum
692 3192 743 3258 his
765 3193 873 3259 verbis
895 3193 1053 3258 excitatus
1068 3193 1136 3260 adii
1152 3193 1267 3260 Olerioi
1285 3193 1319 3258 iu

176 3295 283 3362 Exodi
305 3297 335 3382 6,
356 3297 377 3362 3
400 3296 670 3381 commentarium,
694 3303 725 3363 et
743 3317 862 3380 magno
877 3317 950 3364 cum
964 3298 1084 3381 gaudio
1103 3299 1149 3364 ibi
1161 3298 1319 3365 Olerionm

176 3399 217 3466 de
239 3413 323 3488 rip-,12
346 3397 406 3486 (ita
429 3399 515 3466 enim
536 3399 735 3488 pronuntiat)
757 3402 915 3486 permulta
937 3403 1107 3487 protulisse
1129 3402 1214 3487 vidi,
1235 3423 1319 3486 qnae

176 3521 237 3586 ego
260 3501 293 3566 in
315 3501 434 3568 scholis
455 3503 535 3568 meis
556 3508 719 3587 tamquam
742 3525 763 3570 a
784 3524 835 3570 me
856 3506 958 3589 primo
972 3506 1104 3571 inventa
1117 3506 1233 3572 dooere
1245 3525 1318 3572 oon-

175 3611 351 3672 sdeveram.
394 3606 476 3672 haec
496 3613 532 3672 ut
552 3606 665 3691 legant
687 3607 796 3674 hortor
812 3628 921 3674 omnes
934 3609 1049 3692 quibus
1063 3609 1182 3675 veritas
1197 3609 1318 3675 alieno-

175 3730 307 3792 rumque
328 3711 511 3778 meritorum
532 3711 603 3779 laus
626 3733 721 3778 curae
743 3712 895 3796 cordique
907 3718 990 3779 sunt.
1034 3733 1145 3778 verum
1160 3733 1231 3778 oum
1246 3733 1318 3780 sen·

175 3813 309 3880 tentiam
340 3834 445 3880 meam
474 3835 559 3883 anno
591 3818 675 3882 1868
703 3817 844 3882 breviter
873 3815 1049 3882 indicatam
1080 3816 1115 3881 in
1140 3817 1317 3884 volusianis

175 3916 283 3982 nescio
306 3917 420 3999 quibus
443 3916 561 3984 chartis
585 3917 697 4006 (tacito
719 3926 755 3985 ut
774 3941 836 4004 par
857 3927 905 3986 est
921 3921 955 3985 in
971 3921 1033 3985 hac
1046 3920 1317 3986 tantahonestate

176 4019 303 4086 nomine
326 4019 411 4106 meo)
433 4021 468 4085 in
490 4022 605 4104 vulgus
622 4022 865 4090 disseminatam
883 4044 952 4090 esse
968 4024 1108 4110 audiam,
1130 4025 1236 4092 missis
1251 4046 1317 4091 non

174 4125 286 4210 paucis
320 4145 404 4210 quae
437 4125 578 4192 Clericus
609 4127 676 4193 iam
697 4129 882 4214 occupavit,
913 4148 1072 4214 exponam
1094 4151 1176 4213 quae
1198 4151 1260 4215 ego
1282 4133 1315 4197 in

175 4229 293 4297 scholis
316 4232 395 4298 meis
417 4239 606 4316 argumenta
628 4233 787 4318 opinionis
809 4253 901 4300 meae
927 4254 1092 4302 recensere
1113 4235 1225 4302 solitus
1246 4238 1316 4304 sim.

246 4377 273 4448 *)
291 4379 375 4434 adeas
394 4379 550 4434 Abrahami
568 4380 617 4436 des
636 4381 750 4438 Amoris
770 4401 825 4440 van
844 4383 896 4439 der
912 4383 1027 4439 Hoeven
1045 4383 1076 4436 de
1089 4383 1193 4438 Ioanne
1212 4384 1315 4438 Olerico

174 4473 200 4520 et
216 4465 344 4537 Philippo
362 4486 379 4521 a
397 4468 543 4524 Limlrorclt
569 4469 768 4524 dissertationes
795 4472 1002 4529 Amstelodumi
1026 4489 1100 4530 anno
1125 4473 1196 4531 1843
1214 4473 1315 4530 editas.

227 4555 268 4625 ¹⁵¹⁴)
287 4555 463 4635 Clementiae
481 4559 524 4614 ed.
543 4559 671 4630 hogarde
689 4558 748 4630 (23)
767 4579 862 4618 versus
880 4563 972 4618 finem.

396 4685 420 4755 ,
