3246 5264
814 431 870 472 vm

260 580 383 634 invitum
412 581 471 636 sola
490 581 641 636 basileensi
661 581 784 635 secunda
803 581 905 634 debere
924 581 1087 632 contentum
1108 593 1175 630 esse.
1212 591 1303 642 neque
1325 571 1410 626 antea

260 685 323 721 cum
344 669 468 724 Berolini
494 670 633 734 viverem,
660 670 696 724 ad
716 669 854 724 editiones
879 669 942 721 illas
962 665 1057 720 aditus
1076 666 1221 734 patuerat:
1252 661 1316 716 vide
1336 674 1409 727 quae

259 759 428 824 conquestus
452 775 513 810 sum
538 757 569 811 in
596 757 834 812 Clementinorum
861 772 1025 826 graecorum
1045 753 1221 823 praefatione
1241 757 1255 803 6
1276 767 1357 819 marg
1377 768 1406 816 17

259 863 340 915 marg
358 847 541 916 gesammeltc
560 847 782 916 abhandlungen
802 866 841 910 24,
855 865 883 912 23
902 865 932 909 42
953 846 991 898 fin
1012 849 1066 910 189,
1086 863 1117 908 24
1135 841 1264 910 beitrage
1278 857 1326 892 aur
1341 839 1410 891 bah-
1491 905 1492 910 Ἰ

259 933 383 988 trisehen
411 935 627 1005 lexikographie
646 941 676 1002 36
696 936 743 990 fin.
781 936 823 990 ita
849 935 957 988 factum
977 936 1019 987 est
1038 934 1071 986 ut
1087 949 1159 1000 quae
1179 931 1317 984 lohannes
1336 927 1410 980 Mar-

258 1023 357 1091 tianay
383 1022 417 1077 de
442 1023 486 1076 his
505 1024 620 1078 scholiis
644 1025 732 1078 habet
757 1041 814 1078 non
838 1023 956 1092 legerim
985 1021 1040 1074 nisi
1060 1020 1223 1089 Gottingae.
1261 1033 1333 1085 quae
1353 1014 1411 1084 legi

260 1112 354 1165 animo
373 1111 542 1166 laetissimo:
572 1130 638 1166 neni
659 1112 781 1181 probata
799 1128 873 1166 novo
893 1112 1060 1180 argumento
1079 1109 1140 1164 vidi
1160 1124 1232 1175 quae
1252 1107 1285 1160 in'
1301 1103 1410 1174 praefa-

260 1198 338 1252 tione
369 1197 471 1253 Genesi
497 1199 652 1268 praemissa
677 1219 704 1266 23
735 1199 876 1264 indicavi,
913 1197 1079 1266 Hieronymi
1105 1213 1191 1265 opera
1217 1213 1303 1248 manu
1329 1192 1411 1256 ¹scioli

259 1285 405 1339 cuiusdam
430 1286 537 1340 iudaici
560 1289 694 1356 corrupta
718 1304 785 1342 esse.
823 1287 914 1341 acutis
941 1289 970 1341 et
989 1285 1120 1340 veritatis
1139 1283 1302 1338 amantibus
1321 1281 1410 1335 bomi-

259 1375 344 1429 nibus
371 1391 404 1430 ea
429 1393 501 1442 quae
526 1377 588 1430 loco
615 1377 733 1431 laudato
752 1376 819 1430 dedi
838 1375 964 1430 sufficere
984 1376 1129 1444 poteraut:
1150 1391 1232 1438 nunc,
1253 1390 1316 1426 oum
1335 1372 1410 1424 hunc

260 1464 442 1520 scholiastam
468 1465 634 1530 detexerim,
653 1466 775 1536 egregiis
800 1465 863 1520 istis
881 1466 1093 1519 oblocutoribus
1113 1481 1163 1518 sua
1182 1464 1266 1532 culpa
1284 1462 1411 1531 incogni-

261 1555 330 1617 tum,
351 1553 397 1607 vel
414 1553 640 1608 indoctissimum
659 1569 799 1622 quemque
819 1572 878 1608 rem
898 1555 967 1623 puto
987 1570 1182 1607 concessurum
1202 1568 1270 1606 esse.

332 1641 423 1695 Venio
442 1660 516 1696 nunc
535 1643 571 1696 ud
590 1644 678 1697 testes
697 1661 714 1697 a
733 1643 875 1697 Vallarsio
894 1642 1042 1696 excitatos.
1080 1642 1130 1709 qui
1149 1641 1276 1709 quinque
1295 1641 1373 1693 sunt:

328 1749 348 1799 χ
367 1729 456 1784 editio
475 1731 545 1784 anni
565 1736 638 1798 1496,
658 1748 744 1798 quam
764 1732 807 1786 bis
826 1731 963 1801 expressis
982 1731 1075 1785 verbis
1093 1730 1207 1794 laudat,
1227 1746 1310 1798 saepe
1329 1745 1410 1798 prae·

260 1819 344 1872 misso
370 1819 508 1873 vocabulo
537 1821 568 1872 al
591 1821 621 1873 in
645 1821 773 1890 margine
802 1820 932 1874 contulit.
971 1819 1101 1886 equidem
1128 1819 1204 1872 certe
1224 1833 1349 1884 eaquae
1369 1815 1411 1868 ita

259 1905 399 1960 indicavit
416 1907 585 1972 Vallarsius,
605 1907 678 1977 sigla
687 1926 708 1976 χ
728 1925 793 1961 usus
812 1925 875 1963 cum
894 1906 1048 1961 lectoribus
1067 1905 1281 1960 communicavi.
1314 1905 1410 1960 dolen·

261 1996 384 2062 dumque
397 1999 440 2050 est
458 1996 534 2063 quod
552 1997 586 2050 de
596 2015 617 2066 χ
632 1996 682 2050 illo
699 1997 774 2050 nihil
788 1996 922 2060 innotuit,
941 2012 1007 2049 nam
1018 2013 1101 2065 saepe
1114 1995 1141 2049 ei
1153 2013 1215 2048 cum
1237 1995 1262 2046 G
1271 2011 1333 2048 meo
1346 2011 1410 2047 con·

261 2085 356 2140 venire
376 2085 444 2139 vidi.
480 2086 515 2140 de
534 2086 659 2140 editione
679 2085 844 2156 Hieronymi
863 2104 936 2141 anno
956 2091 1016 2152 1496
1034 2085 1143 2154 publici
1167 2083 1237 2137 iuris
1255 2083 1332 2137 facta
1350 2079 1410 2137 s'ine

263 2174 358 2227 fructu
376 2175 504 2228 consules
523 2175 786 2230 schoenemannum
804 2177 889 2240 1481,
909 2175 959 2242 qui
978 2191 1051 2243 quae
1069 2173 1227 2228 Vallarsius
1246 2172 1280 2226 de
1293 2168 1412 2226 eadixit'

265 2278 321 2316 non
339 2263 420 2334 legit.

333 2357 361 2405 Α
381 2353 469 2408 codex
489 2355 637 2411 vaticanus
657 2377 710 2424 134.

332 2441 360 2492 B
377 2443 493 2510 reginae
511 2444 663 2498 Succorum
683 2444 841 2500 Christiane
861 2465 898 2498 11.

339 2529 363 2581 Ο
380 2530 508 2599 eiusdem
525 2533 641 2602 reginae
662 2539 732 2586 1286.

331 2617 362 2668 D
380 2617 566 2674 cisterciensis
585 2619 696 2689 reliquis
707 2623 774 2689 sere
789 2621 979 2688 praestantior,
999 2619 1061 2671 olins
1081 2617 1260 2671 nonantulani
1276 2617 1408 2680 aserere,

261 2723 332 2758 auno
351 2713 458 2759 sanctae
477 2709 564 2762 crucis
582 2709 611 2761 in
630 2705 778 2761 Ierusalem
798 2709 830 2760 dc
848 2709 913 2760 urbe
995 2727 1047 2774 104.

333 2796 489 2852 Accederet
512 2797 549 2851 ad
574 2799 625 2852 hos
652 2797 761 2852 codices
779 2815 796 2851 a
814 2813 859 2852 me
882 2797 960 2866 ipso,
990 2797 1165 2850 aMaurinis
1185 2796 1213 2850 et
1232 2812 1249 2848 a
1269 2793 1410 2848 Vallarsio

261 2883 383 2938 excussis
401 2884 474 2939 liber
492 2884 654 2950 amiatinus,
675 2884 699 2938 si
710 2886 859 2939 honestum
872 2885 944 2938 mihi
954 2885 1045 2940 visum
1059 2886 1132 2939 esset
1143 2883 1295 2938 editionem
1307 2881 1410 2936 biblio·

260 2989 322 3026 rum
349 2972 454 3026 veteris
480 2972 649 3028 testamenti
677 2972 831 3027 latinorum
855 2990 872 3026 a
900 2973 1045 3028 Theodoro
1064 2973 1156 3044 Heyse
1176 2973 1205 3026 et
1224 2971 1410 3025 Constantino

260 3060 295 3114 de
315 3060 501 3114 Tischendorf
516 3064 643 3115 curatam
664 3060 800 3130 expilare.
837 3061 913 3128 quod
932 3062 1065 3129 equidem
1077 3079 1110 3116 eo
1126 3061 1218 3114 minus
1229 3059 1408 3114 committen-

261 3148 329 3201 dum
348 3148 424 3212 duxi,
444 3166 499 3215 quo
521 3149 646 3218 ineptius
665 3151 694 3204 et
713 3149 851 3219 puerilius
869 3150 1032 3204 institutam
1051 3150 1192 3204 videbam.
1229 3149 1273 3202 sin
1286 3149 1323 3202 ad
1336 3147 1409 3216 ipso·

262 3253 325 3290 rum
345 3237 518 3304 psalmorum
537 3255 655 3292 examen
675 3237 807 3291 criticum
825 3254 981 3302 accessero,
1001 3237 1138 3292 amiatino
1157 3239 1236 3302 utar,
1256 3235 1286 3290 in
1304 3235 1409 3291 chartis

260 3326 331 3379 meis
349 3325 422 3394 sigla
449 3325 475 3376 U
490 3326 598 3390 notato,
619 3325 665 3380 cui
685 3343 748 3380 oum
762 3327 791 3378 R
808 3343 871 3380 meo
886 3327 1037 3381 maximam
1050 3325 1221 3380 affinitatem
1235 3325 1409 3380 intercedere

264 3412 438 3483 supradixi.

297 3490 299 3496 ¹
333 3502 480 3558 accederet
498 3504 653 3569 toletanus,
682 3504 716 3558 de
736 3521 792 3571 quo
818 3506 953 3574 Iosephus
972 3503 1144 3559 Blanohiuus
1162 3503 1193 3557 in
1213 3504 1345 3559 vindiciis
1364 3521 1409 3559 oa-

260 3594 426 3647 uonicarum
445 3591 648 3660 seripturarum
670 3592 754 3660 [1740]
774 3593 857 3658 cxix,
882 3594 906 3647 si
925 3594 1055 3649 Toletum
1083 3591 1223 3662 proficisci
1241 3593 1409 3662 potuissem:

332 3681 479 3735 accederet
497 3681 672 3735 monacensis
692 3687 776 3746 18426,
795 3682 850 3735 nisi
869 3682 976 3737 saeculi
994 3682 1098 3737 decimi
1117 3681 1211 3749 quinti
1232 3683 1318 3736 esset:

332 3769 479 3824 accederet
498 3768 685 3823 berolinensis
703 3769 809 3824 latinus
822 3771 998 3840 theologicus
1012 3770 1166 3838 quadratus
1178 3790 1215 3836 24,
1231 3769 1261 3823 in
1272 3769 1410 3846 Hispania

262 3859 392 3928 scriptus,
412 3859 436 3912 si
454 3856 582 3912 Berolini
600 3858 735 3911 haberem
754 3875 837 3925 quem
859 3859 893 3912 de
913 3877 946 3914 eo
962 3858 1181 3928 interrogarem:
1201 3877 1268 3913 nam
1279 3858 1339 3927 ipse
1349 3859 1409 3917 vidi

260 3964 415 4014 numquam
434 3949 466 4000 ut
484 3964 535 4001 neo
555 3963 750 4001 monacensem
771 3946 839 4000 vidi.
1112 3966 1115 3968 ·

289 4065 292 4070 -
333 4033 500 4088 accederent
527 4035 666 4089 harleiani
696 4035 785 4096 mulsei
813 4035 970 4090 britannici
993 4042 1037 4103 613
1064 4041 1124 4103 2798
1144 4053 1220 4102 2799,
1250 4036 1409 4090 oxoniensis

262 4120 384 4190 corporis
410 4119 515 4174 Christi
535 4140 580 4186 12,
608 4123 675 4187 alii,
704 4124 739 4178 de
764 4124 868 4192 quibus
893 4125 923 4178 in
946 4126 1059 4179 tabulas
1077 4142 1134 4178 nou
1153 4123 1260 4178 rettuli.

333 4206 384 4260 His
408 4206 450 4259 ita
478 4207 613 4276 expositis
639 4209 790 4263 dicendum
808 4213 898 4264 restat
918 4211 952 4266 de
972 4211 1033 4276 via,
1061 4229 1118 4279 qua
1136 4210 1287 4278 procedere
1305 4211 1409 4267 debeat

262 4296 312 4363 qui
330 4296 402 4349 hanc
421 4311 512 4348 meam
531 4296 662 4365 psalterii
680 4297 764 4350 huius
784 4297 947 4364 editionem,
967 4318 1053 4368 quam
1072 4299 1241 4361 incohatam,
1260 4315 1316 4354 non
1328 4301 1409 4354 abso·

263 4384 354 4438 lutam
372 4399 460 4452 supra
479 4382 547 4450 dixi,
567 4383 639 4438 velit
656 4385 712 4453 ipsi
732 4385 898 4455 Hieronymi
915 4389 1012 4443 manui
1030 4385 1194 4442 similiorem
1211 4386 1336 4442 reddere.

333 4490 366 4528 ae
385 4472 507 4541 primum
526 4474 640 4542 quidem
660 4476 852 4542 quaerendum
871 4478 941 4542 erit,
961 4479 1007 4532 cui
1027 4477 1118 4533 codici
1137 4477 1274 4532 Iohannes
1291 4479 1408 4534 Martia-
