3232 5256
831 378 893 442 166

298 542 449 598 reddidisse
474 561 557 600 nemo
583 546 743 616 negaverit,
767 564 817 602 our
836 549 960 604 seribere
977 547 1080 604 librum
1100 564 1248 618 aggressus
1267 548 1305 602 sit
1325 575 1356 586 -
1376 563 1436 600 essa

297 633 372 687 enim
399 633 469 688 dicit
488 635 575 691 libros
594 636 628 690 de
647 637 766 692 materia
785 637 894 692 medica
913 639 1046 707 agentes,
1075 639 1217 706 quotquot
1232 637 1345 700 extent,
1373 635 1436 690 inu·

297 722 362 777 tiles
381 753 423 788 -,
443 724 547 778 Lucam
574 741 630 779 non
659 724 750 780 habeo
780 743 836 793 quo
863 725 946 780 modo
970 743 1115 790 excusem,
1142 725 1192 794 qui
1217 723 1435 794 complurimos

296 815 425 867 auctores
438 812 473 867 de
492 813 555 868 Iesu
574 815 657 868 rebus
675 813 763 884 gestis
781 814 942 884 exposuisse
961 813 1086 869 fateatur
1105 831 1208 880 eosque
1227 813 1263 867 ad
1279 813 1310 868 id
1328 809 1436 882 negotii

296 901 450 972 gerendum
468 902 642 971 aptissimos,
668 921 702 958 ex
721 903 773 958 hac
797 902 860 974 ipsa
882 903 965 973 copia
983 903 1038 958 sibi
1055 885 1168 971 quoque
1187 901 1298 971 aliquid
1317 903 1435 957 conseri·

296 991 455 1046 billandum
475 1009 533 1046 esse
552 993 706 1058 concludit,
724 1011 789 1048 cum
807 1009 893 1063 opera
912 993 1002 1048 multo
1020 993 1129 1048 minore
1142 993 1300 1062 Theophilo
1318 1009 1368 1046 suo
1386 989 1435 1043 τῶν

296 1079 431 1135 uitiator
447 1085 538 1150 βιβλία
557 1082 586 1136 in
605 1099 705 1137 manus
723 1083 790 1137 darc
809 1081 956 1152 potuisset,
975 1081 1035 1152 ipse
1055 1099 1111 1137 non
1129 1081 1268 1146 αὐτόπτης,
1287 1080 1336 1135 sed
1353 1097 1435 1149 παρη-

294 1167 467 1234 κολουθηκώς
485 1172 606 1224 tantum.
642 1169 704 1239 ipsa
722 1187 788 1226 vero
801 1170 916 1234 ¹exordii
933 1170 1028 1225 lucani
1047 1171 1157 1240 ineptia
1177 1187 1210 1225 eo
1228 1187 1273 1225 me
1291 1168 1385 1238 adigit
1402 1168 1436 1221 ut

296 1258 417 1311 otiosum
435 1257 608 1314 imitatorem
618 1275 663 1313 me
677 1258 771 1329 legere
782 1259 909 1316 credam:
928 1276 994 1314 nam
1008 1259 1161 1327 quirerum
1170 1259 1312 1330 gravitate
1323 1259 1436 1313 coactus

296 1347 331 1401 ad
351 1347 477 1414 aliquam
495 1364 554 1401 rem
575 1348 762 1402 enarrandam
781 1347 961 1418 aggreditur,
989 1348 1087 1404 ordine
1106 1366 1140 1404 ac
1157 1349 1267 1404 ratione
1285 1348 1436 1418 proaedere

297 1437 370 1492 solet
386 1453 479 1504 neque
498 1454 532 1492 aa
551 1436 612 1506 ipsa
630 1455 660 1492 re
676 1455 706 1492 se
721 1455 854 1494 excusare
869 1455 927 1506 qua
939 1438 1125 1508 prudentibus
1135 1455 1164 1493 se
1175 1437 1364 1494 accusandum
1374 1453 1436 1506 pro-

297 1525 349 1581 dit.
385 1525 527 1597 evangelii
554 1527 634 1582 tertii
661 1526 785 1582 aetatem
814 1543 894 1581 nosse
925 1526 1089 1596 interpretis
1114 1527 1285 1597 psalmorum
1309 1525 1436 1590 interest,

297 1633 362 1670 nam
381 1616 438 1671 Luc
457 1636 496 1682 24,
514 1636 546 1682 44
564 1616 687 1686 primum
705 1615 901 1686 hagiographa
915 1618 1061 1684 tamquam
1074 1617 1189 1672 canonis
1200 1634 1265 1686 pars
1276 1615 1437 1681 laudantur,

296 1724 359 1762 oum
387 1705 473 1777 paulo
499 1706 565 1760 aute
593 1703 1239 1777 (Mth5,177,1211,1322,40au01⁶,1s)
1267 1706 1336 1762 libri
1363 1707 1437 1762 sacri

297 1796 373 1868 νόμῳ
391 1796 437 1848 καὶ
454 1795 603 1865 προφήταις
619 1794 686 1850 solis
703 1793 912 1850 contineantur.

530 2065 655 2119 Psalmos
671 2065 699 2117 ia
724 2065 784 2119 WZ
796 2063 964 2133 praecedant
981 2065 1104 2118 carmina
1122 2065 1203 2118 iaec:

367 2155 526 2227 Nougeutis
544 2153 708 2224 pariterque
726 2170 828 2208 novem
847 2153 1009 2208 labentibus
1028 2153 1110 2208 annis

368 2264 402 2301 ex
420 2245 481 2309 illo,
498 2261 611 2299 carnem
630 2260 686 2310 quo
704 2242 825 2312 sumpsit
842 2243 970 2312 temporo
990 2242 1125 2308 Christus,

367 2334 441 2387 filius
460 2332 570 2386 Arnulfi
588 2331 664 2402 regis
682 2348 745 2385 cum
766 2332 878 2400 sceptra
895 2333 1005 2388 teneret

366 2421 447 2476 annis
466 2421 510 2475 bis
528 2420 602 2475 senis
620 2419 730 2475 iuvenis
747 2419 921 2475 Hludovious
938 2419 1047 2484 herilis,

366 2513 459 2566 urente
478 2509 582 2565 humili
600 2509 709 2578 pollens
727 2507 868 2573 Salomon,
889 2507 997 2581 pietate
1016 2507 1185 2572 redundans,

366 2599 469 2656 tertius
487 2615 504 2653 a
525 2597 624 2668 priscis
643 2599 672 2651 et
691 2597 788 2651 eodem
807 2598 919 2651 nomine
937 2596 1040 2662 dictus,

367 2706 437 2757 quos
453 2687 509 2742 sibi
527 2685 675 2757 pontifices
693 2685 765 2755 legit
783 2684 947 2743 Constantia
965 2683 1052 2749 dives,

367 2777 479 2848 praesul
497 2777 527 2831 et
544 2775 619 2830 abba
637 2774 722 2829 simul
739 2773 849 2828 meritis
867 2774 973 2828 electus
992 2771 1103 2842 opimis,

367 2867 516 2936 scriptores
534 2866 619 2920 cauta
637 2863 729 2932 varios
747 2861 881 2932 indagine
899 2862 1011 2926 lustrat,

366 2958 418 3012 hoc
437 2957 467 3012 et
484 2953 651 3026 psalterium
670 2953 751 3007 docte
770 2951 887 3022 collegit
900 2951 931 3005 in
949 2969 1046 3015 unum,

367 3046 491 3117 pandens
509 3043 611 3100 lectori
628 3041 755 3097 studioso
772 3042 867 3095 mente
886 3037 981 3109 sagaci

367 3139 515 3192 auctorum
532 3151 628 3189 sensus
646 3131 725 3187 vario
743 3147 869 3186 sermone
888 3131 1018 3184 secretos.

369 3225 473 3296 pagina
492 3223 535 3278 bis
553 3221 628 3277 binis
646 3220 773 3288 loquitur
792 3237 858 3274 nam
876 3234 1006 3286 quaeque
1026 3218 1163 3272 columnis

366 3329 439 3382 quae
458 3313 541 3366 stilus
558 3309 691 3366 hebraico
710 3308 856 3364 verissima
872 3308 950 3363 fonte
970 3305 1111 3370 refundat,

367 3400 528 3456 Hieronimo
546 3400 615 3455 haec
632 3398 775 3454 reserante
795 3396 911 3465 quidem
928 3411 1055 3450 sermone
1074 3393 1179 3449 latino:

367 3490 511 3561 gr[a]eco·
530 3490 560 3545 et
578 3486 624 3542 hic
643 3487 758 3557 proprie
777 3503 872 3540 sensus
890 3501 923 3538 ao
942 3500 1032 3538 sermo
1051 3483 1172 3552 patescit

367 3578 504 3634 litterulis
521 3575 625 3633 nostris
643 3578 795 3644 nostroque
814 3576 956 3629 caractere
975 3571 1106 3642 scriptus,

366 3685 452 3742 quem
470 3667 566 3720 tamen
584 3682 618 3719 ex
636 3665 764 3735 gr[a]eco
783 3679 895 3717 versum
914 3677 1040 3714 sermone
1059 3658 1150 3713 latino

367 3774 454 3826 quam
473 3754 534 3808 dixi
551 3771 636 3823 supra
654 3753 760 3808 retinet
777 3767 889 3819 quoque
908 3749 1014 3820 pagina
1031 3747 1147 3817 scripta,

367 3845 487 3902 ecclesia
505 3843 574 3898 haec
593 3842 679 3898 etiam
698 3839 805 3910 iugiter
823 3854 939 3893 romana
957 3837 1129 3905 frequentat.

369 3933 456 3989 editio
475 3929 630 3987 communis
648 3931 678 3984 et
696 3929 766 3983 haec
784 3927 956 3997 vulgataque
975 3925 1075 3980 fertur.

368 4041 402 4080 ex
420 4023 522 4091 quibus
540 4018 689 4076 hebraicae
707 4018 847 4086 interpres
866 4015 981 4086 linguae
1000 4014 1177 4069 venerandus

367 4115 398 4168 ct
414 4109 592 4181 reprobanda
610 4109 692 4164 notat
710 4124 762 4162 neo
779 4123 835 4161 non
854 4103 1003 4158 retinenda
1021 4105 1134 4174 figurat.

368 4202 417 4257 sed
435 4202 531 4256 tamen
550 4199 603 4252 hae
623 4198 726 4264 quarta
744 4193 894 4250 translatio
913 4193 1017 4263 scripta
1037 4193 1168 4249 columna

297 4312 324 4359 25
368 4293 419 4358 est,
439 4306 524 4358 quam
545 4286 696 4358 praefatus,
716 4286 786 4340 bene
805 4282 988 4353 septuaginta
1007 4285 1126 4346 secutus,

370 4463 433 4510 1—6
452 4459 486 4521 >
507 4455 551 4520 ΖΙ
568 4459 581 4505 8
600 4450 733 4506 merititis
752 4449 856 4504 elesius
876 4447 919 4514 ΖΙ
938 4465 966 4499 ιο
984 4455 1000 4500 e
1021 4446 1064 4511 ΖΙ
1083 4446 1251 4510 14*ebraico
1267 4449 1309 4514 ΖΙ
1329 4451 1435 4518 16ch

299 4569 323 4600 ιι
344 4548 435 4602 edicio
461 4542 789 4610 W2l24hae00011tra
810 4539 852 4604 ΖΙ
887 4555 914 4604 25
934 4536 1061 4606 prefatus
1081 4537 1105 4586 Z
