3232 5256
721 400 782 464 167

252 581 285 618 ex
304 563 428 634 gr[a]eco
446 565 477 620 in
495 565 623 636 linguam
641 566 792 625 transferre
811 561 935 626 fideliter
952 572 1036 627 istam

252 653 431 709 Hieronimus
450 656 561 711 studuit
580 658 696 725 totaque
716 659 770 714 fide
789 661 934 716 reseravit.

251 743 324 797 hanc
344 743 431 798 etiam
451 745 550 814 populi
569 747 696 815 psallunt
715 747 831 803 orientis
850 751 880 804 et
897 749 955 814 isti,

252 831 347 886 Gallia
366 849 435 900 quos
453 833 561 904 genuit,
581 852 650 902 quos
669 837 699 890 et
717 837 875 905 septentrio
893 838 998 908 gignit.

251 923 467 994 quadruplicem
485 941 554 994 ergo
571 922 693 996 (precor)
712 927 795 982 caute
814 945 889 982 nunc
906 927 1022 999 inspice,
1041 931 1138 995 lector,

251 1013 381 1082 psalterii
399 1015 518 1069 sormam
536 1014 616 1070 vario
635 1033 762 1072 sermone
782 1019 919 1083 coactam,

251 1103 374 1172 amplius
393 1105 423 1158 et
441 1104 501 1158 noli
520 1105 620 1172 quovis
638 1104 837 1176 paradigmate
856 1107 928 1173 falli,

237 1191 376 1245 ueridica
394 1193 461 1246 ante
480 1193 575 1246 oculos
593 1195 740 1248 auctorum
758 1194 893 1265 dogmata
912 1214 1036 1251 cernens.

251 1280 343 1349 prima
360 1280 475 1348 quidem
493 1297 579 1350 supra
596 1281 665 1336 folio
683 1283 827 1353 descripta
846 1286 977 1341 columna

251 1385 324 1436 quae
343 1368 465 1424 recitant
485 1369 561 1424 Galli
580 1369 685 1424 retinet
703 1388 829 1426 sermone
849 1373 935 1439 fideli,

251 1458 350 1512 horum
370 1457 542 1523 Hieronimo,
558 1476 609 1512 ceu
628 1459 696 1524 dixi,
716 1459 871 1530 interprete
890 1462 954 1516 fido.

251 1547 305 1602 hac
324 1547 460 1616 quicquid
480 1549 557 1603 certe
575 1547 719 1604 discordat
737 1551 773 1604 ab
793 1550 929 1616 editione,

252 1636 304 1691 hoc
323 1639 353 1692 et
369 1637 406 1692 ab
425 1637 558 1692 hebraico
576 1637 684 1706 pariter
703 1637 808 1694 distare
827 1642 979 1694 memento.

251 1727 300 1782 sed
318 1727 435 1796 vulgata
453 1727 533 1781 tenet
549 1727 642 1780 minus
661 1729 691 1782 et
711 1731 837 1784 correcta
856 1729 991 1784 secunda:
1032 1765 1036 1774 ψ

249 1816 320 1871 haec
338 1817 369 1870 et
386 1814 504 1868 Romani
522 1815 649 1884 psallunt
667 1816 791 1885 Italique
810 1818 1001 1886 frequentant.

250 1902 338 1958 tertia
355 1903 403 1958 sed
422 1919 487 1957 vere
505 1903 639 1959 hebraico
657 1906 797 1962 manslata
813 1907 950 1977 magistro

251 1991 379 2048 continet
396 1993 426 2047 et
444 1991 525 2046 nobis
543 1993 644 2048 melius
661 1995 731 2049 haec
751 1995 847 2051 omnia
865 1994 975 2065 pandit.

250 2080 353 2135 ultima
371 2097 436 2134 nam
454 2081 582 2150 gr[a]eco
601 2083 714 2158 proprie
734 2101 860 2140 sermone
880 2087 980 2139 notata

250 2187 323 2239 quae
341 2170 444 2234 minus,
461 2173 495 2224 ut
512 2171 581 2236 dixi,
600 2189 663 2226 cum
682 2173 740 2228 sint
758 2175 886 2244 vulgata,
904 2174 1064 2244 probamus.

251 2348 392 2405 Versiculi
410 2348 568 2404 Hieronimi
585 2349 679 2420 pfbri.

249 2438 373 2494 Psallere
392 2437 439 2505 qui
460 2438 558 2492 docuit
575 2438 652 2492 dulci
670 2437 862 2494 modulamine
877 2441 997 2506 sanctos,

250 2529 368 2584 noverat
385 2527 439 2582 iste
458 2526 549 2582 decim
568 2527 639 2598 legis
658 2527 708 2597 qui
727 2528 814 2582 verba
832 2527 963 2594 dedisset,

249 2619 319 2687 quot
335 2616 436 2688 digitis
453 2617 564 2672 cithara
582 2617 720 2686 o[h]ordis
737 2617 913 2685 totidemque
932 2617 1040 2673 dicavit

247 2707 363 2763 nomina
382 2706 428 2761 vel
446 2706 557 2776 signum
576 2723 725 2760 numerum
746 2722 814 2759 crux
832 2705 895 2774 ipsa
912 2707 1025 2761 notaret

249 2797 362 2852 credere
380 2795 450 2863 quid
469 2793 604 2848 dubitas?
641 2793 731 2846 virtus
749 2793 824 2862 regit
839 2793 934 2848 omnia
951 2793 1066 2862 Christi,

249 2885 299 2954 qui
318 2883 410 2938 varias
428 2881 523 2935 iunxit
541 2897 597 2934 uno
616 2881 667 2934 sub
687 2880 811 2934 carmine
828 2879 949 2950 linguas,

248 2975 281 3028 ut
298 2971 419 3042 pecudes
438 2970 621 3036 volucresque
639 2968 723 3022 deum
743 2984 908 3038 cognoscere
926 2968 1042 3036 possint.

247 3061 294 3115 hic
314 3077 396 3115 sonus
414 3061 456 3114 est
475 3056 543 3112 fidei
559 3058 667 3111 mentes
686 3055 736 3123 qui
754 3055 860 3110 mulcet
879 3073 998 3110 amaras.

249 3149 288 3204 sic
307 3149 437 3204 creatura
455 3147 533 3216 prior
550 3146 632 3200 tanto
651 3162 702 3214 pro
723 3161 838 3200 munere
857 3144 972 3214 gaudet,

248 3237 348 3292 offerat
364 3237 398 3290 at
415 3234 529 3289 domino
548 3233 639 3288 salvet
657 3251 727 3302 quos
745 3233 839 3304 gratia
857 3232 942 3288 vocis.

246 3341 322 3382 nunc
340 3323 455 3378 Damasi
472 3321 587 3376 monitis
604 3339 686 3376 aures
704 3323 838 3391 praebete
857 3321 1003 3391 benignas.

247 3414 366 3482 quisque
386 3413 449 3466 sitit
465 3410 571 3476 veniat,
589 3409 705 3479 cupiens
724 3410 837 3466 haurire
855 3410 976 3464 fluenta:

245 3501 374 3557 inveniet
390 3499 498 3565 latices,
516 3501 631 3554 servant
649 3498 699 3566 qui
717 3498 812 3552 dulcia
831 3499 924 3561 mella,
992 3565 994 3572 Ι

246 3591 376 3647 sordibus
394 3588 530 3660 expositis
547 3590 672 3658 purgant
689 3587 848 3658 penetralia
866 3587 967 3652 cordis,

248 3697 347 3750 corpus
365 3681 428 3734 tum
446 3677 584 3733 renovant
603 3677 716 3732 Christo
735 3677 839 3732 servire
858 3677 962 3746 parati.

427 3766 532 3822 Christi
549 3768 679 3820 sanctum
698 3782 865 3836 cognoscere
885 3766 978 3821 debes.

247 3857 390 3926 pastorem
408 3873 527 3925 puerum
547 3855 645 3909 multis
664 3854 698 3909 de
717 3854 853 3909 iratribus
871 3872 959 3908 unum
982 3867 987 3878 ‘

248 3944 365 4015 angelus
384 3961 418 3998 ex
437 3943 537 3998 ovibus
556 3944 653 4013 rapuit
670 3960 822 4012 regemque
842 3943 958 4006 dicavit,

249 4053 355 4106 organa
374 4035 423 4103 qui
443 4034 528 4088 sciret
542 4033 674 4089 manibus
692 4049 858 4102 componere
877 4033 961 4097 solus,

178 4145 206 4178 20
247 4125 368 4194 psallere
387 4141 438 4192 per
456 4123 595 4178 citharam
614 4122 726 4192 populis
747 4121 880 4176 caelestia
899 4138 994 4192 regna.

248 4213 393 4282 ingentem
413 4211 561 4281 clipeoque
579 4210 662 4281 gravi
682 4210 842 4278 frustraque
862 4209 1017 4265 minantem

249 4427 278 4474 37
297 4407 358 4462 cete
378 4407 403 4458 Z
417 4411 422 4468 Ι
437 4425 468 4470 4²
481 4404 588 4474 pandet
600 4406 626 4457 Z
640 4405 645 4470 l
661 4405 804 4474 3cythara
820 4405 872 4470 Wl
888 4410 903 4456 6
922 4420 978 4459 uno
990 4403 1086 4458 iunxit
1099 4405 1123 4454 Z
1138 4407 1142 4468 l
1159 4421 1318 4474 7ccgnosce

182 4497 234 4565 Wl
252 4515 279 4550 ιι
299 4496 417 4566 brebete
437 4495 480 4562 Ζ)
499 4499 527 4546 16
548 4495 646 4548 lacum
665 4494 694 4546 iu
719 4495 796 4562 WZl
814 4512 843 4560 19
856 4493 967 4547 mnibus
981 4493 1023 4556 ΖΙ
1041 4511 1071 4544 20
1081 4493 1228 4562 cytharam
1244 4495 1303 4548 WZ
1313 4495 1316 4564 l
