3246 5264
849 426 880 465 IV

292 576 347 628 Sed
360 576 513 646 proemium
532 577 588 628 eius
606 575 671 628 Non
692 573 771 628 dubet
779 577 879 646 finem.
909 573 1012 628 intima
1031 575 1199 630 necessitate
1218 593 1282 630 cnm
1302 573 1437 644 psalterio

291 667 428 722 amiatino
453 667 581 731 iunctus,
611 666 686 734 quod
705 665 741 722 ad
761 685 783 730 1,
801 685 817 730 4
835 665 1017 734 intellegenti
1042 666 1209 736 significavi.
1245 665 1364 720 librario
1388 683 1437 720 au·

291 756 383 828 giensi
406 758 500 810 aetate
526 773 583 810 non
607 755 698 809 multo
717 754 834 809 inferior
853 755 894 808 cst
914 753 1081 819 scholiasta,
1107 755 1158 822 qui
1176 755 1223 809 vel
1241 771 1275 809 ex
1296 755 1305 806 l
1324 772 1337 806 c
1359 754 1436 807 vele

245 895 253 906 ,
290 845 368 898 fonte
394 861 451 898 non
474 843 601 898 indicato
620 843 778 912 scripturae
797 843 993 897 diversitatem
1012 843 1149 897 adscribit
1167 844 1222 908 ita,
1247 845 1281 897 ut
1298 844 1369 896 haec
1388 858 1438 894 sua

292 933 320 986 ei
337 933 438 988 melius
463 933 602 1002 placuisse
626 933 777 986 videantur
800 949 885 1000 quam
905 949 978 1000 quac
996 931 1131 986 librarius
1150 933 1271 1002 scripsIt.
1309 930 1437 984 lohaud
1483 941 1485 948 '

291 1021 348 1076 scio
379 1039 415 1076 an
443 1039 499 1076 non
533 1022 641 1087 librum
662 1022 741 1075 chori
765 1021 915 1090 significet.
952 1021 1059 1075 scholia
1084 1039 1148 1076 curn
1172 1021 1316 1076 interdum
1340 1020 1437 1075 eadem

291 1111 350 1164 sint
371 1129 404 1165 ac
424 1129 496 1179 quae
523 1109 646 1164 Macrini
671 1111 702 1163 in
720 1109 848 1180 margine
868 1110 976 1164 habent
995 1126 1103 1178 egoque
1124 1109 1197 1180 sigla
1216 1112 1238 1162 S
1255 1111 1356 1164 notata
1374 1125 1437 1162 cum

291 1199 451 1270 legentibus
470 1199 692 1264 communicavi,
720 1198 929 1267 excripsissem,
954 1198 1049 1267 siper
1073 1198 1289 1270 otiiangustias
1309 1199 1370 1254 fieri
1389 1214 1437 1267 po·

290 1289 401 1344 tuisset.
438 1306 503 1342 narn
532 1307 596 1342 oum
620 1289 764 1343 interdum
789 1288 864 1342 notis
883 1288 1034 1342 tironianis
1053 1291 1153 1342 utatur
1172 1289 1337 1353 scholiasta,
1367 1305 1437 1357 quus

290 1379 385 1448 legere
409 1377 586 1442 condidici,
613 1379 663 1431 aut
681 1379 812 1432 notarum
835 1377 948 1432 illarum
969 1377 1177 1432 tironianarum
1194 1379 1378 1448 legendarum
1397 1380 1408 1430 i
1426 1405 1435 1416 ·

290 1468 383 1521 cultas
401 1467 575 1534 acquirenda
593 1469 663 1532 erat,
683 1484 756 1534 quae
775 1467 937 1521 nesciebam
955 1468 1050 1520 utrum
1070 1467 1150 1522 brevi
1163 1471 1289 1536 tempore
1300 1468 1363 1536 pari
1375 1484 1436 1536 pos·

290 1557 341 1618 set,
359 1555 410 1608 aut
429 1553 618 1622 relinquenda
643 1572 840 1623 quaecumque
858 1555 932 1609 notis
953 1555 1059 1625 scripta
1077 1557 1222 1620 extabant,
1250 1557 1326 1623 quod
1345 1556 1436 1610 facere

290 1643 430 1697 nolebam.
469 1660 534 1697 nam
553 1643 626 1697 talia
644 1646 694 1697 aut
713 1643 827 1714 integra
845 1643 908 1697 dari
927 1644 1033 1698 debent
1051 1647 1102 1698 aut
1120 1662 1176 1698 non
1192 1646 1262 1698 dari.
1299 1662 1379 1713 spero
1394 1647 1437 1698 ta·

290 1748 354 1786 rnen
373 1732 432 1786 fore
452 1733 485 1786 ut
503 1731 540 1786 ad
558 1731 629 1786 haec
648 1732 740 1786 redire
760 1732 914 1800 aliquando
935 1732 1049 1801 possim.

371 1823 408 1874 W
420 1821 661 1891 babenbergensis
680 1823 703 1874 A
724 1822 736 1874 Ι
758 1841 800 1890 14,
819 1823 970 1890 oblongus,
997 1822 1113 1877 iubente
1135 1823 1283 1878 Salomone
1303 1824 1344 1878 ΠΙ
1363 1841 1436 1877 anno

289 1928 334 1976 909
354 1909 536 1964 Constantiae
553 1911 686 1979 scriptus:
707 1911 875 1979 psalterium
887 1911 1072 1980 quadruplex,
1086 1928 1241 1978 romanum,
1254 1912 1436 1982 gallicanum,

290 1999 461 2062 hebraeum,
489 2015 630 2068 graecum.
669 2001 698 2053 et
724 2015 858 2069 graecum
885 1999 1014 2067 quidem,
1044 1999 1079 2054 de
1104 2017 1160 2068 quo
1180 2001 1210 2054 in
1229 2000 1354 2056 editione
1374 2017 1436 2055 mea

289 2089 460 2158 psalmorum
479 2105 645 2157 graecorum
664 2089 799 2144 adcurate
818 2091 932 2143 acturus
951 2108 1021 2154 sum,
1040 2091 1219 2158 desumptum
1239 2094 1281 2144 est
1299 2109 1314 2145 e
1332 2090 1439 2145 codicis

290 2176 381 2230 sancti
400 2175 475 2230 Galli
496 2194 525 2242 17
547 2175 643 2228 mutili
662 2176 817 2246 archetypo
837 2194 912 2231 nunc
924 2177 1036 2246 perdito
1057 2177 1107 2241 ita,
1127 2179 1160 2230 ut
1174 2177 1203 2230 in
1213 2178 1436 2247 psalmisr-roo

289 2264 438 2334 archetypi
456 2265 499 2318 sui
518 2283 592 2318 nunc
611 2265 719 2334 perditi
738 2266 812 2320 vices
831 2265 906 2320 solus
924 2283 1008 2336 agere
1027 2265 1143 2330 debeat,
1171 2266 1200 2319 in
1220 2267 1335 2336 psalmis
1355 2287 1435 2320 101-

291 2373 336 2420 150
354 2372 411 2408 una
436 2371 500 2408 cum
526 2353 578 2408 illo
602 2355 693 2408 sancti
718 2353 794 2408 Galli
813 2354 888 2409 libro
907 2356 982 2424 agat.
1019 2354 1187 2423 psalterium
1207 2354 1361 2408 hebraeum
1380 2371 1436 2408 non

289 2447 374 2500 fluxit
391 2463 406 2500 e
426 2445 521 2500 codice
540 2445 631 2499 sancti
646 2445 721 2498 Galli
739 2465 776 2513 19,
795 2445 843 2500 sed
859 2462 892 2500 ex
907 2445 1005 2500 eodem
1020 2444 1157 2512 exemplo,
1176 2460 1209 2498 ex
1225 2461 1280 2510 quo
1293 2444 1436 2513 augiensis

290 2537 372 2591 modo
391 2533 553 2589 nominatus
571 2535 707 2599 manavit,
727 2535 782 2587 nisi
801 2534 876 2601 quod
896 2534 1028 2588 librarius
1039 2532 1254 2587 constantiensis
1266 2550 1322 2586 non
1337 2534 1435 2588 eadem

291 2641 348 2692 qua
377 2623 530 2676 monachus
558 2622 700 2692 augiensis
727 2621 780 2676 fide
806 2621 834 2674 in
860 2621 1089 2674 transscribendo
1116 2638 1181 2673 usus
1200 2623 1257 2674 est:
1289 2621 1350 2675 fieri
1370 2638 1436 2676 vero

290 2713 378 2766 ctiam
401 2711 497 2780 potuit
524 2711 557 2764 ut
575 2710 672 2764 doctus
697 2709 752 2763 sibi
777 2709 920 2764 videretur
945 2710 975 2762 et
994 2707 1193 2763 emendaturus
1212 2725 1284 2774 quae
1304 2709 1435 2763 Salomon

291 2801 438 2871 episcopus
457 2816 543 2871 prave
563 2798 668 2867 scripta
688 2797 873 2852 describenda
892 2795 1093 2866 proposuisset.

364 2887 574 2944 Zcoloniensis
599 2886 733 2942 ecclesiae
760 2886 930 2941 cathedralis
950 2891 977 2951 8,
1003 2885 1134 2940 foliorum
1160 2889 1218 2948 164,
1244 2901 1318 2940 anno
1339 2891 1399 2937 1866
1419 2904 1436 2941 a

290 2977 483 3032 Dardemonae
502 2977 572 3046 ripis
592 2976 737 3030 Coloniam
756 2975 854 3039 redux,
874 2975 1026 3044 oblongus,
1045 2974 1149 3028 codicis
1175 2974 1210 3026 W
1225 2973 1267 3028 ita
1286 2974 1386 3028 similis
1404 2979 1435 3028 ut

290 3067 321 3119 in
340 3067 474 3135 psalterio
493 3065 600 3135 pagina
619 3065 741 3134 paginae
759 3065 909 3134 versuique
928 3081 1023 3119 versus
1042 3063 1220 3134 respondeat,
1238 3065 1324 3133 paulo
1340 3066 1436 3118 tamen

291 3156 384 3208 minus
403 3155 568 3209 emendatus
587 3171 673 3222 quam
692 3153 751 3208 ille.

362 3243 471 3297 contuli
488 3243 610 3311 psalmos
630 3259 708 3310 1-25
728 3242 863 3312 integros,
882 3245 981 3311 postea
999 3242 1118 3312 singulis
1136 3243 1206 3297 locis
1224 3243 1344 3312 inspexi,
1361 3242 1436 3312 psal·
1455 3315 1459 3320 ι

292 3351 351 3388 mos
372 3338 497 3399 rob-151
516 3332 641 3401 integros
660 3330 778 3396 excussi,
798 3349 862 3386 cum
881 3332 931 3385 hos
949 3332 979 3384 in
1007 3332 1043 3384 W
1057 3349 1113 3386 non
1132 3334 1184 3397 ter,
1204 3333 1252 3388 sed
1267 3333 1310 3387 bis
1323 3335 1435 3387 tantum
1460 3317 1464 3320 ’

292 3439 455 3492 comparare
473 3420 626 3490 potuissem
643 3421 803 3490 vellemque
817 3421 851 3474 de
867 3421 1016 3490 archetypi
1031 3422 1186 3476 communis
1198 3421 1339 3490 scriptura
1351 3440 1435 3490 quam

292 3512 464 3568 certissimus
482 3527 548 3565 esse.

362 3599 501 3656 editiones
519 3599 596 3668 typis
616 3598 758 3667 exoriptas
777 3599 885 3653 contuli
903 3600 1030 3670 integras
1050 3601 1181 3666 quatuor,
1200 3599 1237 3653 ad
1257 3601 1379 3670 psalmos
1395 3602 1436 3656 vi-

291 3690 366 3761 ginti
384 3690 510 3758 quinque
528 3688 634 3757 primos
653 3686 772 3742 adhibui
790 3687 930 3754 quintam.
968 3689 1069 3742 harum
1088 3686 1248 3742 editionum
1267 3688 1340 3758 sigla
1353 3690 1436 3744 erunt

291 3781 395 3850 risus·

470 3884 504 3921 ac
523 3865 646 3935 primurn
666 3865 781 3933 quidum

364 3977 380 4025 γ
399 3973 432 4010 ea
451 3958 502 4020 est,
521 3956 555 4010 de
575 3973 632 4022 qua
650 3955 973 4010 KTGSohoenemannus
992 3956 1022 4009 in
1036 3955 1228 4012 bibliothecae
1243 3959 1358 4026 patrum
1371 3957 1436 4013 lati·

291 4063 389 4100 norum
414 4045 555 4100 volumine
580 4045 670 4115 priori
688 4050 734 4110 488
753 4050 799 4113 489
818 4045 887 4115 egit.
924 4063 990 4100 usus
1015 4064 1075 4100 sum
1097 4047 1226 4116 exemplo
1245 4046 1436 4102 bibliothecae

290 4133 487 4203 gottingensis,
507 4133 586 4186 cuius
603 4134 725 4202 paginas
743 4151 816 4203 pene
835 4134 953 4189 ultimae
973 4135 1131 4190 Ludovicus
1151 4134 1354 4204 Schweigerus,
1373 4151 1437 4190 con-

291 4224 356 4291 lega
379 4221 521 4288 quondam
544 4221 797 4274 aestumatissimus
822 4225 852 4275 ct
869 4226 968 4277 mutuo
987 4241 1082 4278 amore
1102 4223 1173 4275 mihi
1193 4221 1438 4276 coniunctissimus

291 4309 319 4377 (†
338 4327 355 4363 a
375 4309 392 4361 d
410 4309 447 4361 IX
467 4307 522 4361 Kal
546 4308 636 4362 Maias
662 4310 733 4378 1872)
762 4309 907 4378 inscripsit
935 4311 1041 4364 librum
1068 4310 1177 4364 editum
1207 4328 1266 4364 esse
1292 4312 1437 4380 Augustae

290 4397 503 4452 vindelicorum
523 4414 539 4451 a
559 4396 706 4451 Gunthero
731 4397 832 4452 Zainer
857 4399 932 4453 circa
950 4417 1056 4454 annum
1076 4418 1150 4465 1473:
1179 4415 1271 4466 neque
1290 4416 1343 4468 ego
1361 4399 1437 4452 ultra

290 4489 320 4546 in
339 4487 463 4540 aetatem
482 4485 634 4540 voluminis
653 4485 853 4555 inquirendum
873 4505 931 4543 esse
951 4488 1056 4551 censui,
1077 4505 1140 4541 cnm
1160 4487 1367 4556 Schweigerum
1388 4489 1438 4541 ha-
