3246 5264
186 1206 189 1212 i
261 1153 431 1214 Psalterium
459 1157 495 1214 ab
522 1158 695 1230 Hieronymo
720 1177 794 1214 anno
818 1177 862 1225 405
891 1175 924 1214 ex
950 1159 1072 1215 hebraeo
1092 1157 1120 1214 in
1140 1161 1261 1216 latinum
1280 1175 1336 1215 ser·

190 1267 302 1304 monem
321 1267 431 1304 versum
451 1252 504 1304 est:
534 1268 620 1318 quam
644 1251 802 1305 versionem
821 1251 857 1304 ab
877 1251 1006 1304 omnibus
1026 1252 1076 1318 qui
1095 1253 1186 1306 artem
1207 1253 1336 1306 criticam

191 1338 358 1403 didicerint,
386 1339 483 1410 magni
508 1339 668 1393 faciendam
688 1356 738 1408 per
757 1357 844 1392 annos
863 1339 1086 1410 quadringentos
1101 1359 1185 1416 ¹nemo
1205 1341 1337 1396 inventus

190 1431 234 1482 est
253 1428 304 1496 qui
323 1430 453 1498 separato
472 1428 614 1482 volumine
634 1429 738 1490 ederet,
757 1445 839 1482 nemo
859 1429 909 1496 qui
926 1430 963 1482 ad
975 1430 1109 1484 librorum
1124 1431 1337 1498 manuscripto-

191 1536 253 1571 rum
272 1517 533 1586 antiquissimorum
552 1517 635 1572 fidem
655 1535 689 1571 ea
708 1535 765 1584 qua
783 1535 835 1586 par
854 1521 897 1572 est
915 1518 1068 1588 diligentia
1087 1520 1229 1588 exigeret,
1255 1537 1337 1573 nemo

190 1607 241 1674 qui
265 1605 386 1660 editioni
405 1606 577 1673 psalmorum
595 1606 625 1658 in
645 1623 789 1675 synagoga
814 1623 888 1659 nunc
914 1607 1089 1661 circumferri
1115 1609 1214 1662 solitae
1233 1607 1338 1661 diiudi-

192 1695 298 1750 candae
323 1696 353 1748 et
377 1694 560 1764 corrigendae
586 1694 745 1748 adhiberet.
781 1695 835 1748 hoc
853 1695 1019 1764 Hieronymi
1035 1713 1118 1765 opere
1138 1715 1201 1750 cum
1221 1714 1274 1766 ego
1292 1715 1337 1755 me

191 1783 284 1837 minus
302 1783 390 1838 etiam
409 1800 496 1849 quam
514 1783 622 1837 ceteros
641 1799 736 1836 carere
755 1799 834 1850 posse
854 1782 995 1848 viderem,
1014 1801 1161 1853 coeperam
1180 1785 1288 1840 codices
1308 1788 1338 1839 et

191 1889 277 1925 manu
297 1873 426 1926 exaratos
445 1871 474 1924 et
492 1871 568 1938 typis
587 1871 756 1940 descriptos,
775 1871 916 1938 quotquot
931 1869 1055 1926 nancisci
1070 1875 1207 1942 poteram,
1227 1892 1338 1944 compa·

191 1977 263 2025 rare,
279 1977 314 2014 ex
334 1977 390 2027 quo
409 1956 591 2027 comparandi
607 1959 721 2028 negotio
734 1959 837 2012 sensim
849 1961 879 2013 et
892 1961 973 2026 quasi
987 1961 1079 2016 invito
1090 1963 1161 2015 mihi
1170 1963 1240 2018 haec
1250 1963 1339 2026 editio

191 2049 312 2103 subnata
331 2050 382 2102 est.
414 2065 471 2115 qua
489 2046 520 2100 id
538 2046 662 2102 effecisse
680 2047 751 2100 mihi
765 2047 870 2112 videor,
889 2051 922 2102 ut
935 2051 986 2116 qui
997 2051 1062 2118 post
1077 2068 1121 2104 me
1132 2068 1248 2120 operam
1260 2070 1339 2106 suam

192 2137 223 2190 in
235 2137 288 2190 hoc
300 2135 373 2189 libro
393 2134 541 2189 tractando
561 2136 707 2190 conlocare
726 2136 858 2200 voluerit,
877 2137 966 2190 multo
982 2137 1012 2190 id
1025 2155 1111 2205 quam
1124 2142 1209 2194 antea
1219 2158 1339 2196 commo-

191 2225 255 2279 dius
272 2223 365 2278 facere
384 2223 480 2292 possit.
517 2239 583 2277 nam
602 2225 632 2278 et
650 2221 791 2278 modicum
810 2225 941 2278 volumen
955 2227 999 2279 est
1011 2227 1041 2280 et
1053 2244 1140 2294 parvo
1153 2228 1291 2296 parabile,
1311 2231 1340 2283 et
1407 2229 1408 2232 ’

192 2315 364 2382 commatum
382 2313 493 2366 numeri
521 2312 723 2366 consuetudine
748 2312 851 2366 sanciti
870 2312 976 2376 additi,
1002 2331 1072 2381 quos
1090 2331 1182 2382 neque
1200 2316 1340 2371 Iohannes

192 2403 355 2470 Martianay
373 2418 465 2468 neque
478 2400 639 2454 Dominicus
651 2400 776 2454 Vallarsi
787 2400 967 2464 addiderant,
987 2403 1017 2454 et
1027 2401 1136 2456 codices
1146 2404 1204 2456 tres
1216 2404 1260 2458 vel
1272 2421 1341 2471 qua·

193 2495 260 2546 tuor
276 2509 332 2546 non
351 2492 477 2544 recentes
504 2489 658 2558 diligenter
676 2489 797 2552 conlati,
826 2490 856 2542 et
880 2488 1039 2542 editionum
1058 2491 1187 2543 veterum
1206 2491 1340 2545 lectiones

192 2583 355 2645 adnotatae,
374 2581 403 2634 et
416 2597 502 2647 quam
511 2577 633 2633 editores
648 2578 787 2647 parisinus
800 2581 829 2632 et
840 2577 1000 2632 veronensis
1011 2580 1208 2648 congesserant
1221 2580 1341 2650 scriptu·

193 2689 240 2726 rae
254 2669 444 2738 discrepantia
458 2687 521 2722 cum
535 2665 686 2721 lectoribus
698 2666 913 2720 communicata.
951 2668 1021 2734 quot
1029 2684 1096 2721 vero
1108 2667 1237 2722 iacienda
1246 2685 1342 2736 super-

193 2761 264 2824 sint,
293 2759 324 2812 id
342 2758 396 2812 nisi
415 2775 449 2812 ex
475 2745 569 2810 indice
586 2755 725 2809 librorum
744 2772 761 2808 a
780 2754 917 2809 Maurinis
937 2757 966 2809 et
984 2755 1124 2810 Vallarsio
1149 2757 1342 2826 inspectorum

193 2847 324 2912 eluxerit,
350 2864 383 2900 ex
403 2847 465 2914 ipso
488 2846 629 2913 adparatu
648 2843 768 2898 editioni
787 2860 866 2896 meae
884 2842 1013 2898 subiecto
1032 2844 1182 2907 constabit,
1202 2861 1342 2912 agamque

193 2935 364 3006 explicatius
383 2935 417 2987 de
436 2933 595 2986 futurorum
614 2931 755 2985 editorum
775 2930 867 2984 officio
886 2930 916 2983 in
935 2931 989 2984 fine
1009 2931 1202 2999 praefationis.

266 3023 312 3076 Ad
340 3039 439 3084 manus
467 3015 582 3074 fue‘runt
607 3019 678 3071 mihi
704 3019 814 3072 codices
837 3035 922 3072 manu
943 3019 1042 3087 scripti
1060 3021 1196 3086 quatuor,
1224 3037 1343 3088 quorum

194 3117 252 3168 tres
278 3112 342 3181 plus
369 3110 456 3164 semel
481 3107 697 3176 diligentissime
725 3105 847 3169 contuli,
881 3105 977 3174 quarti
1004 3108 1114 3175 partem
1144 3110 1257 3162 tantum
1291 3108 1344 3162 ali-

197 3218 283 3272 quam
302 3200 420 3256 excussi.

273 3291 298 3342 G
317 3287 409 3343 sancti
428 3285 506 3342 Galli
524 3304 561 3352 19,
580 3285 749 3353 quadratus,
775 3285 944 3354 paginarum
964 3289 1018 3351 138.
1036 3287 1226 3355 subscriptum
1245 3288 1343 3356 sephar

196 3380 281 3434 tattim
301 3377 374 3450 qaod
392 3377 588 3446 interpretatur
605 3375 728 3426 columen
744 3390 889 3442 ymnorum
908 3374 1027 3444 explicit.

303 3469 365 3520 Hoc
383 3483 430 3536 eqo
446 3463 617 3534 psalterium,
636 3463 708 3532 quod
724 3463 782 3514 iure
801 3463 1057 3527 coeaturtebreum,

303 3557 469 3609 Hortmotus
492 3553 572 3606 earu
592 3553 691 3605 donavi
705 3556 812 3620 pectore
831 3552 912 3603 tacto.

303 3649 423 3716 Auferet
443 3645 492 3696 troc
511 3644 535 3696 εί
551 3643 619 3712 quis,
638 3641 780 3693 damnetur
797 3641 868 3692 mitte
878 3640 1011 3712 flaqetti's,

304 3733 458 3802 Iudicioque
476 3731 520 3784 dei
536 3729 699 3793 succumbat,
721 3747 831 3798 corpore
845 3729 929 3796 pecti.

270 3821 459 3884 Hartmotum,
478 3819 570 3872 virum
589 3817 667 3888 regio
684 3833 787 3887 genere
802 3819 905 3879 ortum,
923 3816 1036 3870 saeculo
1046 3831 1120 3868 nono
1129 3817 1206 3884 apud
1215 3820 1342 3872 sanetum

198 3909 312 3964 Gallum
331 3909 500 3961 monachum
518 3905 637 3970 vixisse,
663 3923 737 3960 anno
755 3911 801 3972 872
820 3906 954 3960 abbatem
972 3903 1002 3956 in
1022 3903 1162 3956 Grimaldi
1180 3905 1272 3958 locum
1288 3906 1344 3960 sul-

198 3998 305 4052 fectum
325 4014 384 4052 csse
404 3996 514 4049 scimus.
838 4037 841 4044 .

269 4103 342 4155 quae
371 4085 401 4139 in
427 4083 525 4154 primis
550 4083 634 4136 huius
658 4079 727 4136 libri
751 4081 828 4135 loliis
846 4097 861 4135 e
880 4080 1015 4150 psalterio
1034 4081 1177 4150 gallicano
1196 4082 1345 4152 desumpta

198 4178 273 4233 inter
290 4191 386 4229 versus
405 4173 503 4227 addita
521 4171 664 4241 leguntur,
684 4187 717 4224 ea
736 4187 792 4224 non
813 4169 921 4224 curavi:
947 4171 1013 4223 sunt
1031 4169 1106 4224 enim
1125 4170 1232 4223 nullius
1249 4172 1344 4240 pretii,

199 4265 252 4319 nisi
277 4263 352 4332 quod
379 4279 435 4330 quo
459 4263 541 4315 modo
566 4258 733 4328 psalterium
753 4259 834 4312 iuxta
853 4259 995 4312 Hebraeos
1014 4257 1155 4326 eorrumpi
1175 4258 1289 4312 solitum
1308 4258 1346 4312 sit

199 4352 360 4406 ostendunt.

271 4442 299 4492 R
317 4438 459 4509 augiensis
481 4457 541 4505 107,
570 4437 740 4506 quadratus,
769 4435 900 4489 foliorum
920 4452 980 4501 105,
1004 4434 1108 4488 saeculi
1129 4433 1243 4487 decimi.
1281 4436 1345 4488 sub·

200 4528 338 4596 scriptum
356 4527 448 4595 Legite
460 4527 567 4594 felices.
611 4525 733 4578 Gaudete
752 4525 874 4592 tepentes.
918 4523 1011 4576 Oanis
1030 4522 1114 4576 tator.
1152 4522 1344 4574 Fiuemtratet.

712 4661 949 4793 essese
1081 4611 1121 4664 a*
