3232 5256
832 416 895 487 152

283 590 324 655 ob
348 589 435 654 viam
457 586 680 669 alienigenae,
713 588 746 650 et
775 583 860 646 male
888 579 970 664 dixit
990 577 1069 644 mihi
1091 579 1125 643 in
1147 574 1326 643 simulacris
1348 573 1436 640 suis.

285 691 369 774 ⁸ege
402 695 509 755 autem
544 687 717 785 evpginato
748 684 883 768 abipso
909 681 1019 766 gladio
1042 679 1207 767 amputavi
1228 684 1325 764 eaput
1345 676 1436 758 eius,

176 889 180 898 Δ
284 801 317 861 et
335 792 454 859 abstuli
475 790 680 878 obprobrium
702 788 743 855 de
764 787 840 853 filiis
860 785 993 853 Israhel.

355 967 370 1016 ι
388 949 418 1004 et
435 947 556 1004 malexit
577 947 654 1014 018
672 946 709 1001 ab
728 961 762 1000 ao
779 943 869 1013 ipsius
886 941 983 1013 gladio
1004 940 1028 992 Z
1043 941 1047 1007 Ι
1063 945 1078 992 8
1096 935 1204 996 obstuli
1227 935 1272 990 W¹

356 1717 445 1789 Turpi
463 1715 645 1788 neglegentia
663 1731 727 1770 mea
745 1714 852 1769 factum
870 1715 921 1779 est,
941 1716 973 1768 ut
991 1729 1088 1768 eornm
1104 1729 1160 1768 non
1173 1712 1362 1768 meminissem
1375 1731 1430 1768 suo

284 1811 411 1878 tempora
433 1821 506 1875 quae
529 1805 668 1860 lohannes
686 1802 848 1871 Martianay
872 1801 901 1855 in
925 1802 980 1857 fine
999 1800 1150 1856 voluminis
1168 1800 1213 1854 sui
1230 1799 1364 1870 protulit,
1383 1800 1430 1854 in·

283 1899 390 1968 scripta
407 1897 544 1950 uariantes
562 1893 685 1949 lectionar
703 1894 774 1946 inter
790 1892 952 1964 praecapuaa
971 1891 1091 1945 amaheae.
1127 1891 1194 1945 hinc
1212 1889 1343 1945 addenda
1361 1893 1431 1944 sunt

284 1986 486 2042 commentario
505 2001 566 2039 meo
584 1983 666 2038 haec:

323 2093 361 2140 ιι,
380 2092 392 2126 ι
413 2074 446 2127 ut
463 2070 524 2127 aris
543 2089 596 2142 maa
608 2071 704 2140 plures
722 2069 868 2124 Gallorum

322 2183 360 2229 11,
379 2182 393 2216 2
415 2162 535 2233 sagittas
553 2177 617 2215 suas
635 2177 689 2213 mas
706 2163 835 2230 quattuor
855 2158 1000 2215 Gallorum

322 2272 359 2319 ιι,
379 2257 394 2304 6
412 2250 494 2321 pluat
511 2269 566 2304 mes
585 2249 638 2304 duo
655 2249 801 2304 Gallorum

321 2346 359 2406 16,
376 2361 391 2394 ι
410 2340 506 2395 dicans
524 2340 551 2393 N
568 2340 648 2408 inque
667 2339 730 2392 aliis
747 2355 800 2390 mss
818 2337 967 2393 Gallorum

322 2447 360 2495 17,
383 2447 394 2480 1
413 2426 556 2481 mendacii
572 2445 623 2480 mas
639 2427 691 2478 duo
710 2425 856 2481 Gallorum

323 2533 360 2581 ιγ,
381 2533 409 2568 ιι
429 2511 540 2568 catulus
557 2513 647 2570 leonis
666 2513 765 2568 sedans
784 2513 815 2568 in
834 2513 1000 2568 abscondito
1019 2513 1046 2567 N

322 2619 361 2670 37,
379 2605 394 2653 6
413 2599 550 2654 iudicium
568 2601 650 2654 tuum
668 2617 723 2653 msa
742 2601 845 2670 aliquot
863 2600 1009 2656 Gallorum

321 2709 362 2755 42,
379 2694 392 2742 8
411 2690 496 2744 vocat
513 2705 567 2740 mus
580 2688 677 2757 plures
696 2687 841 2743 Gallorum

323 2783 362 2844 76,
382 2797 409 2846 13
430 2775 498 2848 quia
515 2775 609 2832 aufert
628 2775 760 2847 spiritum
775 2777 879 2831 ducum
894 2777 929 2843 H,
943 2777 1273 2849 quiaauferetspiritum
1282 2777 1385 2832 ducum
1395 2776 1429 2840 Ο,

437 2865 505 2934 quia
523 2864 635 2920 auferet
653 2865 770 2935 spiritus
789 2865 950 2936 principum
969 2866 999 2919 Μ

324 2963 363 3024 78,
383 2977 395 3010 ι
414 2955 541 3012 cruditus
561 2955 589 3008 N

323 3065 362 3113 94,
380 3065 411 3099 20
429 3045 537 3114 fingens
554 3042 681 3097 laborem
699 3058 752 3095 mss
770 3041 875 3111 aliquot
893 3041 1039 3097 Gallorum

310 3155 364 3202 ιιι,
383 3154 395 3201 3
416 3132 538 3188 saturati
555 3148 609 3183 mas
630 3131 734 3201 aliquot
752 3129 900 3185 Gallorum

310 3241 363 3288 123,
381 3240 398 3285 4
415 3221 542 3274 saturata
560 3237 614 3272 mss
631 3219 734 3288 aliquot
753 3217 908 3272 Gallorum.

359 3307 444 3362 Pueri
461 3307 526 3371 duo,
544 3305 594 3372 qui
612 3306 688 3360 hune
706 3304 812 3359 librum
830 3305 907 3375 typis
926 3305 1130 3376 ascripserunt,
1149 3307 1203 3362 etsi
1215 3307 1354 3362 laudabili
1362 3307 1430 3363 dili·

289 3395 388 3469 gentia
407 3409 490 3464 opere
509 3393 600 3447 iuncti
619 3395 694 3459 eunt,
713 3409 770 3448 non
787 3396 944 3460 potuerunt
961 3411 995 3450 eo
1014 3393 1092 3464 adigi
1111 3397 1145 3449 ut
1162 3395 1360 3451 adnotationes
1379 3397 1430 3451 ad·

289 3485 387 3541 curate
405 3481 441 3536 ad
460 3480 632 3552 psalmorum
651 3483 792 3536 commata
809 3480 989 3551 adaptarent.
1025 3482 1073 3537 cui
1091 3481 1162 3538 vitio
1180 3483 1286 3538 mederi
1298 3485 1430 3540 nonubi·

288 3592 344 3644 que
362 3574 504 3644 poteram:
532 3586 581 3625 cur
598 3587 654 3626 non
671 3570 828 3642 potuerim,
847 3571 939 3626 sciunt
958 3571 1008 3639 qui
1026 3572 1231 3640 praefationem
1249 3573 1431 3629 onomasticis

288 3661 470 3734 praemissam
493 3659 626 3728 legerint.
662 3676 750 3726 quare
772 3661 888 3730 rogatos
905 3659 992 3715 velim
1011 3660 1085 3714 viros
1102 3661 1199 3717 doctos
1217 3661 1267 3730 qui
1285 3662 1338 3716 hoc
1355 3662 1431 3718 libro

288 3750 368 3807 usuri
385 3750 460 3813 sunt,
478 3749 512 3802 ut
528 3747 600 3801 imas
619 3746 737 3817 paginas
754 3747 882 3818 legentes
901 3751 998 3803 utrum
1012 3747 1209 3805 adnotationes
1219 3747 1322 3816 adsint,
1340 3750 1430 3806 etiam

288 3843 320 3898 in
337 3838 444 3910 pagina
462 3837 592 3904 sequenti
609 3837 756 3904 quaerant
793 3852 943 3905 operarum
960 3837 1064 3893 menda
1082 3838 1153 3894 haec
1165 3837 1274 3894 inveni:

288 3947 347 4002 pag
382 3948 397 3996 7
416 3926 517 3982 adnott
536 3942 619 3979 versu
638 3943 666 3977 11
686 3923 773 3979 scribi
792 3924 828 3977 2²
843 3925 848 3992 Ι
864 3930 879 3978 8

308 4059 324 4085 „
362 4037 392 4070 ιο
464 4056 480 4081 ,,
571 4053 587 4079 ,,
625 4033 652 4080 13
673 4015 740 4068 ante
755 4011 923 4084 increpuisti
941 4013 1066 4069 scribet

308 4147 324 4172 ,‚
363 4109 392 4158 16
410 4120 491 4173 marg
510 4101 607 4156 sinistr
625 4101 716 4155 scribe
735 4106 765 4154 1⁶

308 4237 325 4263 ‚,
362 4212 390 4262 ις
410 4193 512 4249 adnott
529 4208 612 4247 versu
632 4208 644 4243 1
665 4207 716 4258 pro
733 4191 846 4261 pigroes
864 4191 956 4247 scribe
974 4191 1082 4262 pigwes

307 4329 323 4352 ,‚
360 4305 390 4353 77
465 4323 481 4348 .,
572 4321 587 4347 „
624 4280 726 4335 ultimo
746 4280 837 4336 scribe
855 4281 934 4336 volui

308 4392 386 4441 „105
462 4412 477 4437 ‚‚
570 4410 585 4435 ‚,
624 4367 761 4424 rescribe
780 4386 845 4424 eum

309 4504 323 4528 ‚‚
344 4469 388 4517 rot
407 4478 490 4518 versu
507 4481 523 4526 4
542 4458 664 4516 exeunte
683 4473 756 4528 pone
775 4457 916 4530 virgulam
