3232 5256
816 381 879 446 164

273 550 336 616 dici
365 571 475 617 omnes
509 552 665 617 novimus.
711 547 768 613 sed
792 569 864 614 rem
887 549 961 614 Indi
983 550 1191 630 invenerunt,
1225 543 1419 610 vocabulum

272 654 396 720 Arabes
417 677 438 719 a
460 655 567 722 Persis
590 659 791 736 acceperunt.
835 673 910 717 nam
943 682 1017 750 s?
1040 675 1061 718 a
1084 653 1178 751 ab?
1196 645 1361 713 deseendit
1383 651 1420 709 ut

273 769 344 856 pie
355 757 606 840 abhandlungen
617 756 755 839 38451)
771 759 855 858 plait
875 755 926 821 vel
944 777 1011 865 Ο),
1034 777 1152 856 αὐ»,
1167 750 1419 852 abhandlungen

274 859 325 942 81,
347 861 390 925 22
412 866 468 926 aut
491 866 566 946 nnc}
591 880 612 924 a
637 863 721 944 opu.
765 859 860 957 ab?
878 866 986 925 autem
1009 857 1172 942 apersiee
1189 855 1346 940 gahwara
1360 858 1419 935 est,

273 960 358 1042 quod
381 963 513 1028 Armeni
545 961 738 1046 gahavorah
760 961 915 1046 scribunt,
946 961 1058 1026 Iudaei
1083 977 1186 1046 partu
1210 957 1348 1024 Buntorf
1366 956 1419 1020 lex

273 1064 369 1130 chald
400 1068 482 1150 391,
516 1087 587 1132 eum
623 1081 728 1152 paruo
768 1063 929 1130 deberent.
983 1065 1176 1148 gahavopah
1208 1063 1440 1128 Armenorum'

273 1177 407 1252 φορεῖον
427 1167 552 1252 airardo
575 1169 759 1250 παράθεμα
774 1165 897 1250 ἐσχάρα
912 1169 1092 1253 exprimere
1112 1167 1207 1233 docui
1217 1165 1307 1233 den
1324 1165 1419 1246 1810,

276 1272 369 1336 1482.
411 1273 477 1337 iam
499 1273 633 1356 algebra
655 1299 714 1372 mg
741 1277 772 1337 et
793 1299 817 1368 sp
840 1279 953 1338 atavos
975 1273 1096 1338 habere
1118 1271 1325 1339 convincitur.

490 1477 570 1542 Vide
592 1477 765 1563 prophetas
788 1477 972 1544 chaldaicos
995 1479 1062 1543 xlvi
1084 1498 1170 1560 seqq.

273 1581 382 1646 Psalm
403 1581 456 1666 44,
479 1583 499 1647 3
522 1599 641 1648 nuum
663 1582 767 1648 scribe
789 1600 894 1648 nunu
910 1583 960 1646 ‘Ps
982 1583 1034 1666 52,
1057 1585 1075 1647 1

274 1684 382 1752 Psalm
404 1687 457 1769 44,
479 1687 499 1751 3
523 1702 592 1751 iun
616 1686 719 1750 scribe
742 1704 825 1752 outo
850 1687 904 1752 Isa
929 1687 978 1769 10,
1002 1688 1044 1751 33

273 1789 382 1854 Psalm
404 1790 456 1872 41,
481 1791 522 1854 10
544 1795 620 1853 ante
644 1808 685 1854 oc
710 1789 794 1854 adde
819 1807 859 1854 oo
883 1810 950 1854 uota
972 1811 1040 1854 cum

273 1893 381 1958 Psalm
403 1894 456 1976 48,
479 1894 499 1958 6
523 1911 583 1959 iou
607 1893 709 1958 scribe
733 1911 792 1958 rs:

272 1996 381 2061 Psalm
403 1995 455 2078 52,
479 1997 499 2059 9
523 2011 624 2060 rotun
647 1995 753 2060 scribe
776 2011 877 2061 uirus
898 1995 945 2060 ita
967 1995 1151 2060 Chaldaeus

272 2101 382 2166 Psalm
404 2099 456 2183 52,
480 2101 519 2165 ll
544 2114 646 2186 nupsi
670 2100 772 2166 scribe
796 2115 923 2186 mlviii
946 2102 1040 2184 Regn
1061 2102 1078 2165 Ι
1101 2102 1152 2183 18,
1175 2101 1218 2164 30

273 2202 382 2269 Psalm
404 2203 456 2288 56,
477 2202 499 2265 4
522 2220 607 2269 555
631 2204 733 2269 scribe
754 2221 812 2271 55
834 2204 891 2269 Iob
912 2205 965 2289 21,
983 2205 1034 2269 30.
1080 2224 1101 2270 5
1121 2204 1256 2269 alterae
1272 2199 1417 2283 sequenti

340 2325 391 2372 55
415 2312 485 2371 orta
1048 2380 1050 2386 ,

274 2411 383 2476 Psalm
405 2411 456 2494 56,
480 2413 498 2475 1
524 2429 575 2496 up
601 2428 699 2477 5553
723 2414 826 2479 scribe
850 2433 916 2500 upi
941 2431 1026 2480 *nun

274 2514 382 2578 Psalm
403 2513 455 2598 58,
478 2515 498 2578 3
522 2515 639 2601 picen
665 2517 744 2582 nbis
770 2519 835 2585 :¹22
857 2517 959 2582 scribe
981 2517 1103 2601 pb'ann
1128 2518 1209 2584 obis
1231 2515 1335 2580 0:¹2³
1351 2533 1416 2597 opp

342 2636 465 2703 pan-un
491 2621 558 2703 pult
580 2618 632 2701 58,
655 2620 684 2682 2.
728 2640 803 2685 nam
824 2622 887 2687 boo
904 2621 1123 2688 accusativum
1133 2619 1291 2705 pluralem
1302 2635 1417 2699 regere

340 2721 450 2804 nequit

275 2825 384 2897 Psalm
405 2826 457 2908 58,
481 2826 501 2890 8
523 2830 595 2909 post
618 2843 677 2890 m:
700 2827 784 2894 adde
807 2843 893 2894 witto
918 2830 960 2894 Ps
981 2830 1032 2912 90,
1056 2830 1076 2893 6

274 2929 383 2994 Psalm
404 2930 455 3012 60,
478 2928 498 2992 6
525 2947 598 3016 cup
621 2930 724 2996 scribe
747 2949 820 3019 unu
842 2932 885 2998 Ps
907 2933 959 3016 32,
983 2933 1003 2996 6

274 3035 383 3101 Psalm
404 3036 456 3118 60,
479 3036 498 3098 1
524 3050 614 3125 7:³⁷2*
637 3036 741 3101 seribe
764 3052 855 3126 *porc
878 3037 920 3101 Ps
943 3037 995 3120 56,
1021 3039 1036 3100 1
1062 3037 1147 3102 Cant
1167 3038 1198 3120 2,
1224 3038 1265 3100 14

274 3137 383 3202 Psalm
404 3138 456 3219 63,
478 3137 499 3202 5
522 3155 596 3203 *ann
619 3138 722 3204 scribe
745 3155 832 3206 niu:
856 3140 876 3204 2

274 3241 383 3307 Psalm
406 3242 457 3324 66,
481 3243 500 3306 8
519 3261 583 3306 non
605 3242 787 3327 imperativi
808 3243 866 3310 sed
887 3245 1063 3330 praeterita
1082 3245 1211 3330 placent

273 3345 382 3412 Psalm
403 3345 455 3428 68,
480 3345 521 3409 10
544 3361 616 3432 nitu
640 3347 744 3413 scribe
768 3365 851 3432 uiuo
874 3350 895 3412 9

275 3451 382 3517 Psalm
405 3450 457 3534 68,
479 3449 522 3514 34
545 3447 616 3516 dele
640 3468 705 3516 anu

273 3555 456 3638 psalmes,
482 3554 519 3617 11
551 3569 660 3620 anast
693 3555 795 3621 scribe
829 3573 949 3621 nansi.
993 3557 1039 3623 ita
1067 3558 1210 3624 Graecus
1238 3564 1269 3623 et
1298 3559 1417 3643 Syrus:

339 3658 413 3724 vide
434 3657 609 3724 Castellum
632 3679 687 3742 syr
709 3676 777 3746 aaa
801 3659 968 3743 IBKbhler
989 3660 1023 3725 in
1042 3662 1227 3728 Eiehhornii
1241 3663 1417 3747 repertorio

274 3868 382 3935 Psalm
412 3868 464 3950 69,
487 3867 529 3931 28
562 3879 700 3956 *popum
733 3864 839 3930 scribe
870 3881 1044 3952 uini-tun:
1078 3869 1121 3935 Ps
1152 3872 1204 3954 96,
1234 3871 1254 3934 8
1288 3868 1351 3957 192,
1375 3868 1418 3931 14

342 3966 640 4055 1161913521.
684 3986 787 4034 asin
812 3969 881 4036 Gen
906 3973 955 4054 19,
980 3974 1009 4037 8.

275 4072 384 4140 Psalm
406 4074 458 4155 11,
482 4073 524 4136 10
547 4089 633 4138 nnnc
657 4071 758 4138 scribe
783 4089 868 4139 1555
891 4075 1038 4140 insidiati
1060 4083 1136 4142 suot

196 4187 198 4195 ⁴
274 4179 384 4245 Psalm
407 4178 459 4260 11,
482 4177 522 4240 18
544 4181 616 4258 post
641 4176 722 4241 nub
744 4175 829 4242 adde
853 4195 922 4244 nuc

202 4349 204 4352 .
274 4284 383 4350 Psalm
405 4281 458 4364 12,
480 4281 500 4345 5
525 4294 638 4368 ’555Ἴ
661 4279 766 4344 scribe
789 4298 890 4364 riute*
913 4285 1055 4348 ostendet
1078 4286 1176 4350 elium

276 4390 385 4455 Psalm
407 4389 458 4468 12,
482 4387 499 4450 1
526 4399 607 4471 prou
630 4384 734 4450 scribe
758 4399 826 4469 pru
847 4387 979 4454 iustitio.
1023 4390 1070 4455 ita
1092 4391 1307 4475 Hieronymus

275 4494 382 4559 Psalm
405 4492 457 4574 12,
480 4492 498 4554 1
524 4507 584 4556 :tur
607 4489 711 4554 scribe
735 4506 810 4555 :aar
833 4497 861 4555 et
884 4495 1007 4574 copioso
1027 4496 1087 4559 erit
