3232 5256
701 427 765 508 109

161 617 216 664 eor
237 595 375 664 hominis
397 597 534 664 roborat
565 596 833 663 '¹⁶saturabuntur
844 597 934 681 ligna
946 595 1075 680 domini,
1089 593 1176 662 oedri
1188 591 1308 662 Libani

161 722 243 785 quas
260 701 431 786 plantasti:
456 702 534 769 ¹'ibi
558 721 636 766 aves
650 701 871 786 nidificabunt,
888 702 986 768 milvo
998 701 1089 767 abies
1100 699 1212 767 domus
1224 701 1306 766 eius:

164 806 322 873 ¹³m0ntes
342 807 461 873 exoelsi
483 806 595 890 eorvis,
616 812 708 891 petra
730 805 890 890 refugium
911 805 1027 871 erieiis.
1074 802 1183 870 19feeit
1199 803 1308 868 lunam

161 931 220 996 per
233 916 387 996 tempora,
403 911 450 976 sol
467 911 620 994 eognovit
634 909 814 977 oeoubitum
824 930 924 976 suum.
970 907 1138 994 ²⁰posuisti
1149 909 1309 992 tenebras,

164 1025 197 1084 et
213 1018 299 1085 faeta
314 1025 362 1086 est
377 1039 458 1084 nox:
477 1019 512 1083 in
527 1018 601 1104 ipsa¹
610 1023 779 1084 moventur
794 1037 904 1084 omnes
917 1016 1042 1084 bestiae
1054 1016 1165 1083 silvae.
1210 1015 1309 1082 ¹¹leo·

163 1145 222 1192 nes
254 1124 417 1209 rugientes
447 1122 490 1188 ad
524 1121 693 1208 praedam,
727 1129 760 1188 et
789 1127 979 1205 quaerentes
1001 1119 1104 1186 adeo
1126 1140 1218 1187 esoas
1239 1122 1311 1190 sibi.

166 1227 322 1294 ”oriente
344 1227 412 1293 sole
433 1226 592 1311 reeodent,
614 1226 695 1292 etin
711 1227 872 1312 speluncis
889 1226 955 1292 suis
970 1225 1140 1291 oubabunt.
1186 1224 1310 1311 ¹³egre-

164 1333 273 1399 dietur
294 1333 388 1398 homo
412 1330 456 1396 ad
478 1350 557 1416 opus
581 1351 682 1415 suum,
706 1330 802 1398 etad
825 1332 1012 1398 servitutem
1034 1350 1126 1396 suam
1148 1333 1311 1415 usquead

165 1455 343 1522 vesperam.
387 1435 519 1518 uquam
541 1435 642 1500 multa
664 1442 739 1501 sunt
760 1455 859 1521 opera
880 1442 951 1520 tua,
984 1434 1124 1501 domine:
1147 1436 1256 1502 omnia
1275 1437 1311 1502 in

166 1541 328 1628 sapientia
357 1540 478 1624 fecisti,
511 1539 644 1624 impleta
678 1545 726 1606 est
758 1546 844 1606 terra
877 1540 1079 1625 possessione
1107 1547 1172 1611 tua.
1217 1540 1311 1608 ²⁵hoo

165 1666 254 1712 mare
281 1665 433 1728 magnum
463 1651 495 1710 et
517 1642 618 1710 latum
640 1644 805 1710 manibus:
840 1644 887 1710 ibi
908 1643 1042 1728 reptilia,
1056 1643 1311 1734 innumerabilia,

166 1750 322 1816 animalia
343 1770 447 1834 parva
468 1769 539 1814 oum
561 1747 754 1831 grandibus:
780 1747 861 1813 *tibi
878 1768 978 1814 naves
993 1750 1313 1832 pertranseuntem·

125 1871 128 1875 ·
166 1854 302 1920 viathan
322 1855 419 1920 istum
440 1853 618 1938 plasmasti,
641 1860 676 1918 ut
696 1853 856 1919 inluderet
879 1853 919 1920 ei.
965 1851 1108 1919 ¹'omnia
1130 1853 1164 1918 in
1188 1859 1220 1918 te
1242 1872 1312 1937 spe-

166 1965 249 2043 rant,
271 1963 306 2023 ut
329 1957 385 2023 des
408 1946 515 2023 eibum
537 1957 583 2023 eis
605 1958 640 2021 in
662 1963 803 2042 tempore
825 1977 893 2024 suo.
938 1955 1072 2022 boante
1094 1962 1126 2022 te
1146 1956 1211 2024 illis
1225 1955 1312 2022 oolli-

167 2069 261 2149 gent:
294 2062 459 2148 aperiente
489 2068 521 2128 te
553 2082 683 2128 inanum
715 2068 805 2127 tuam
834 2060 1051 2145 implebuntur
1083 2060 1176 2128 bono.
1222 2059 1312 2127 ²⁹ab·
1373 2071 1378 2083 ’

167 2167 303 2235 seondes
325 2169 448 2233 vultum
468 2173 557 2232 tuum
582 2173 614 2233 ot
634 2167 864 2251 turbabuntur,
887 2166 1015 2232 auferes
1035 2167 1181 2251 spiritum
1204 2187 1313 2232 eorum

168 2279 201 2340 et
222 2271 372 2337 definient
392 2277 425 2336 et
445 2272 479 2337 in
502 2271 665 2356 pulverem
687 2291 780 2337 suum
798 2276 1008 2337 revertentur.
1052 2269 1314 2354 ⁸⁰emittesspiri·

168 2382 236 2442 tum
257 2383 346 2442 tuum
368 2381 401 2442 et
421 2376 632 2460 creabuntur,
666 2382 697 2442 et
719 2375 913 2442 instaurabis
937 2374 1052 2440 faeiem
1074 2381 1188 2439 terrae.
1234 2373 1260 2412 ³¹
1273 2374 1315 2440 sit

169 2480 274 2566 gloria
296 2478 416 2545 domini
438 2479 472 2543 in
495 2479 735 2564 sempiternum:
757 2479 931 2544 laetabitur
950 2478 1098 2544 dominus
1114 2479 1149 2542 in
1164 2478 1315 2563 operibus

169 2583 246 2650 suis.
291 2582 380 2667 arqui
401 2583 532 2669 respicit
553 2590 688 2669 terram,
711 2590 743 2650 et
764 2589 893 2649 tremet:
915 2582 1021 2668 tangit
1042 2589 1182 2667 montes,
1216 2589 1248 2649 ot
1267 2581 1316 2649 fu·

169 2688 313 2756 orabunt
360 2686 388 2728 ³³
398 2689 536 2754 cantabo
567 2688 694 2755 domino
726 2689 761 2754 in
791 2689 861 2754 vita
882 2708 970 2772 mea,
1002 2689 1140 2774 psallam
1163 2689 1224 2754 deo
1244 2709 1316 2755 meo

171 2792 325 2878 quamdiu
346 2813 426 2858 sum.
471 2791 632 2876 34plueeat
654 2793 684 2858 ei
707 2793 868 2874 eloquium
890 2792 1012 2858 meum:
1036 2811 1098 2875 ego
1120 2797 1227 2856 autern
1249 2791 1314 2856 lae·

171 2871 278 2964 tabor·
298 2896 334 2961 in
367 2894 505 2960 domino.
550 2893 740 2960 ³⁵defioiant
771 2899 955 2979 peccatores
989 2894 1029 2960 de
1051 2901 1146 2978 terra,
1173 2901 1205 2960 et
1226 2893 1317 2978 impii

172 3000 257 3066 ultra
277 3020 343 3064 non
365 2999 447 3064 siut:
469 2996 605 3063 benedic
627 2998 736 3063 anima
756 3017 830 3062 mea
851 2997 990 3062 domino.
1033 2996 1173 3062 alleluia.

717 3101 779 3166 105

262 3204 485 3272 ¹Oonfitemini
508 3205 652 3290 domino,
684 3205 833 3272 invooate
854 3225 971 3271 nomen
994 3205 1079 3290 eius,
1101 3211 1195 3272 notas
1217 3203 1317 3270 faeite
1331 3227 1374 3277 103

172 3430 258 3484 super
275 3413 338 3468 oleo
360 3412 402 3480 Sl
420 3417 449 3465 16
467 3412 563 3468 caedri
581 3411 609 3464 R
625 3414 630 3478 Ι
647 3417 676 3466 16
689 3412 829 3482 plantasti
839 3413 1027 3474 &ABODGR
1034 3414 1075 3479 W,
1086 3411 1315 3483 plantavItflpol

174 3509 202 3556 18
222 3501 316 3558 erieiis
337 3503 377 3566 G,
399 3501 446 3554 aed
462 3501 525 3556 ieiis
538 3502 631 3571 priora
650 3518 733 3555 muno
752 3501 781 3554 iu
800 3502 897 3568 litura,
917 3502 1041 3557 erenaeis
1060 3503 1103 3566 R,
1122 3518 1252 3558 erenaees
1276 3502 1317 3567 W,

173 3591 310 3664 prinaoijs
326 3593 340 3652 ξ
346 3631 352 3656 ,
371 3590 524 3662 herinaeija
541 3610 577 3659 φ,
595 3589 709 3645 hericiis
727 3596 781 3663 ρμ,
804 3590 929 3646 cuniculi
946 3590 1091 3659 FHMNl
1109 3609 1138 3658 19
1157 3590 1319 3645 occubitum

173 3680 316 3750 thRW
336 3680 389 3733 duo
414 3680 515 3733 codices
544 3680 683 3744 Vulturni,
711 3679 841 3734 cubitum
858 3686 897 3747 βμ
920 3680 925 3744 Ι
949 3699 980 3734 2ο
997 3679 1187 3734 morabuntur
1203 3677 1318 3747 spata,

174 3771 278 3838 repunt
298 3769 320 3821 S
342 3772 346 3835 Ι
370 3788 398 3822 21
415 3767 493 3840 estas
515 3771 549 3833 θ,
568 3787 645 3824 escas
659 3788 695 3840 χ.
713 3786 805 3824 eseam
822 3768 973 3838 pptpRW
990 3771 994 3835 Ι
1017 3789 1047 3822 22
1064 3767 1096 3823 in
1115 3767 1258 3822 eubilibus
1277 3765 1316 3838 St

175 3878 204 3925 23
226 3856 372 3927 egreditur
390 3858 493 3911 DRW
510 3859 514 3925 Ι
538 3877 566 3924 23
587 3875 737 3928 vesperum
754 3859 906 3929 lipioRW
922 3859 927 3924 Ι
952 3877 982 3922 24
1000 3855 1251 3929 “possessione
1270 3854 1317 3928 ΕΙ

175 3952 205 4001 26
224 3945 438 4016 pertransibunt
457 3947 487 3998 D
503 3947 507 4013 Ι
524 3951 554 4000 26
573 3947 720 4001 blasmasti
739 3948 768 3999 R
784 3953 840 4015 pat
849 3951 898 4019 fia
916 3948 950 4001 ut
967 3945 1079 4003 luderes
1097 3943 1128 3998 in
1142 3960 1176 3999 eo
1194 3944 1255 3997 FN
1268 3944 1273 4011 Ι
1288 3949 1319 3996 at

174 4035 344 4092 illuderetur
366 4035 419 4099 0²,
445 4033 579 4088 illuderet
596 4035 713 4106 ,ipio-M
729 4054 798 4100 „maa
815 4038 1004 4108 quamplurea“
1028 4036 1168 4088 Gallorum
1184 4036 1189 4102 Ι
1205 4041 1235 4088 28
1253 4051 1320 4105 upe-

174 4126 267 4180 riante
287 4124 316 4176 R
332 4125 336 4190 Ι
353 4128 382 4176 28
400 4122 587 4192 replebuntur
603 4125 711 4194 βμεφΙί
720 4125 764 4188 W,
783 4126 987 4203 saturabuntur
1006 4125 1028 4177 S
1042 4125 1047 4194 Ι
1063 4127 1142 4193 29-et
1155 4125 1276 4195 pomum
1295 4129 1321 4175 et

128 4261 130 4264 .
174 4213 321 4267 seeundum
339 4216 373 4275 >
392 4217 430 4282 βμ
447 4214 452 4278 Ι
469 4230 500 4278 3ο
517 4211 617 4268 emitte
636 4214 664 4265 R
680 4217 685 4281 Ι
701 4232 730 4280 31
749 4211 781 4266 in
799 4212 942 4268 saeculum
963 4215 985 4266 S
1004 4215 1008 4281 Ι
1031 4233 1061 4281 32
1080 4219 1142 4266 aute
1160 4215 1266 4268 terram
1287 4216 1316 4274 -Ι-

176 4307 207 4361 in
225 4305 254 4358 R
275 4310 280 4370 Ι
301 4323 331 4369 32
350 4302 484 4372 1221221133
506 4304 511 4370 Ι
534 4322 564 4370 32
582 4304 683 4374 tanget
701 4305 772 4359 RW
790 4304 795 4371 Ι
817 4324 847 4371 32
865 4304 1015 4360 fumabunt
1036 4305 1107 4356 RW
1126 4307 1131 4367 Ι
1156 4324 1184 4371 33
1204 4307 1319 4367 meo>

176 4393 257 4448 RW*
273 4401 277 4453 Ι
294 4411 324 4458 34
341 4393 438 4446 autem
457 4392 620 4462 sopanus,
637 4397 672 4457 >
691 4399 730 4461 βμ
752 4392 757 4459 Ι
779 4409 806 4459 35
828 4392 973 4447 dominum
988 4411 1009 4462 χ
1024 4394 1029 4459 Ι
1045 4409 1073 4460 33
1092 4390 1210 4446 alleluia
1231 4397 1261 4450 >
1282 4391 1320 4452 R,

176 4489 269 4537 utrum
290 4480 391 4550 221105
412 4497 448 4532 aa
466 4480 504 4532 ool
524 4500 569 4546 104
595 4481 707 4534 trabunt
729 4482 799 4534 eW
818 4482 959 4534 a'neertum.
998 4479 1175 4546 halleluiap
1197 4479 1202 4544 Ι
1229 4493 1321 4530 ruam

178 4589 224 4636 104
233 4573 281 4642 fin
300 4572 441 4622 conectunt
458 4575 498 4639 ῥμ
519 4572 524 4639 Ι
548 4589 559 4623 1
575 4571 730 4642 praemittit
753 4569 862 4626 hullalu
880 4569 909 4624 ia
927 4571 950 4634 ξ,
966 4566 1118 4638 praemittit
1132 4565 1248 4623 alleluia
1266 4582 1321 4622 vox
