3246 5264
829 389 850 428 X

350 537 374 590 si
393 537 554 592 Franciscus
583 536 724 592 Del'tzsch
753 537 780 590 ei
805 537 854 604 qui
880 536 1047 606 psalterium
1066 537 1146 591 iuxta
1163 539 1305 594 Hebraeos
1324 539 1418 608 legere

278 627 366 681 vellet
390 629 456 681 ante
482 626 659 682 Constantini
689 607 734 680 sui
758 643 840 680 curas
866 627 910 681 vel
933 626 1099 694 Hieronymi
1122 627 1286 680 vallarsiani
1311 629 1418 680 tomum

278 715 510 770 decimum‘anno
530 734 589 783 1771
611 715 718 770 editum
738 715 784 769 101
803 715 963 769 versionum
976 715 1129 768 bibliorum
1141 715 1294 770 latinarum
1309 717 1419 770 aPetro

278 802 408 857 Sabatier
421 805 611 859 conlectarum
639 805 771 872 volumen
799 804 953 859 secundum
971 804 1131 858 adeundum
1157 806 1241 860 fuisse
1261 805 1346 870 dicit,
1375 805 1418 858 his

278 893 370 946 verbis
389 900 440 948 aut
458 895 624 963 psalterium
644 895 716 948 illud
737 912 792 948 non
812 894 920 948 editum
939 911 997 948 esse
1019 897 1084 949 ante
1110 913 1215 950 annum
1235 901 1295 962 1874
1309 895 1362 948 nisi
1374 895 1418 948 his

277 982 386 1036 duobus
411 984 480 1037 locis
497 985 568 1038 dicit
585 987 636 1038 aut
653 985 698 1038 his
716 984 825 1038 duobus
844 984 912 1038 locis
932 985 1038 1053 optime
1058 985 1165 1039 editum
1184 1003 1243 1040 esse
1262 985 1417 1040 contendit.

276 1075 428 1140 utrumque
448 1074 471 1126 si
489 1074 566 1138 facit,
586 1077 670 1128 errat.

348 1179 414 1215 nam
438 1163 605 1230 psalterium
632 1164 713 1217 iuxta
738 1163 880 1217 Hebraeos
904 1162 980 1232 typis
1000 1162 1160 1232 exoriptum
1179 1180 1237 1217 esse
1256 1163 1337 1216 annis
1358 1182 1416 1229 1473
1475 1157 1478 1167 '

278 1256 338 1316 1496
358 1268 418 1317 ¹509
437 1243 497 1318 1516
518 1256 577 1318 1526
597 1258 654 1319 1693
679 1257 738 1320 1738
757 1269 841 1320 supra
866 1251 1003 1316 vidimus,
1032 1251 1190 1318 numquid
1209 1251 1288 1322 siglis
1305 1253 1418 1320 γχξφμβ

276 1339 450 1394 indicaretur
462 1341 642 1409 explicarem.
678 1343 800 1396 habetur
813 1344 960 1409 praeterea
973 1341 1139 1408 psalterium
1153 1341 1228 1395 idem
1241 1340 1271 1392 in
1286 1339 1418 1394 editionis

276 1430 442 1496 Hieronymi
459 1431 617 1484 rarissimae
635 1448 767 1484 romanae
786 1431 929 1484 volumine
948 1430 1000 1485 VII
1020 1430 1241 1498 [schoenemann
1258 1430 1343 1496 15051
1358 1429 1418 1498 ipse

277 1536 432 1585 numquam
451 1519 521 1588 vidi]
543 1519 620 1574 etin
639 1519 783 1573 volumine
803 1518 1002 1572 Tribbeehovii
1022 1518 1089 1572 VIII
1109 1519 1188 1584 [anni
1201 1521 1269 1572 nota
1282 1518 1418 1587 carentel,

275 1611 309 1661 11
335 1615 444 1662 taceam
471 1608 506 1662 de
536 1609 705 1678 repetitione
735 1624 866 1662 10110100
898 1607 1031 1662 editionis
1057 1608 1236 1676 plantiniana
1259 1607 1346 1675 [1578]
1367 1607 1418 1662 VII

277 1719 419 1766 191-111,
447 1699 483 1752 'de
512 1683 637 1768 parisina
663 1698 787 1752 editione
815 1696 935 1750 Nivellii
959 1698 989 1750 01
1013 1697 1216 1752 basileensibus
1234 1697 1326 1751 tribus
1345 1713 1417 1764 quae

275 1789 460 1844 erasmianam
479 1790 598 1844 alteram
617 1791 754 1856 sequutae
774 1789 848 1841 1111.
885 1787 990 1856 legitur
1004 1787 1108 1854 etiam,
1136 1787 1205 1841 licet
1223 1786 1418 1841 incommodis·

275 1880 343 1934 sime
372 1881 401 1934 et
425 1879 601 1948 ineptissime
632 1878 808 1947 dispositum,
834 1878 864 1930 in
890 1877 994 1932 veteris
1019 1878 1185 1932 testamenti
1205 1877 1302 1931 bibliis
1320 1877 1418 1932 latinis

275 1970 386 2038 Lipsiae
406 1974 464 2035 1873
484 1969 577 2033 editis,
596 1968 821 2034 crediderimque
840 1966 925 2020 etiam
945 1966 1085 2035 Mignium
1102 1967 1185 2020 illum
1201 1967 1417 2022 famosissimum

275 2058 350 2127 apud
370 2057 540 2112 Parisicnses
561 2057 746 2125 bibliopolam
765 2055 842 2124 typis
862 2055 1011 2109 subiecisse
1029 2055 1142 2119 librum,
1168 2073 1253 2123 quem
1271 2057 1307 2110 ab
1327 2057 1418 2120 operi·

274 2147 327 2200 bus
346 2146 512 2214 Hieronymi
537 2147 633 2199 abesse
652 2161 707 2198 non
726 2161 806 2214 posse
825 2144 923 2213 procul
941 2144 1027 2198 dubio
1046 2144 1198 2199 intellexit.
1234 2146 1264 2198 et
1282 2145 1418 2214 repetivit

274 2236 388 2290 Samuel
408 2234 526 2304 Bagster
543 2234 727 2288 londiniensis
745 2233 775 2286 in
800 2233 943 2286 volumine
962 2234 1039 2300 quod
1057 2234 1099 2285 the
1118 2235 1248 2302 dereptae·
1259 2237 1363 2304 psclter
1374 2236 1418 2290 in·

228 2333 239 2404 1
273 2325 395 2395 scripsit.
432 2324 540 2378 editum
559 2324 648 2394 igitur
667 2326 784 2377 estnon
805 2323 862 2387 bis,
881 2322 932 2377 sed
951 2323 1065 2377 noviens
1088 2323 1200 2379 deciens
1226 2327 1272 2379 vel
1292 2327 1418 2394 pluriens

275 2416 371 2470 etiam.

347 2505 388 2557 sin
408 2495 515 2572 optime
534 2501 698 2556 Franciscus
716 2501 858 2554 Delitzseh
877 2501 1041 2569 psalterium
1062 2501 1143 2555 iuxta
1162 2503 1304 2559 Hebraeos
1323 2523 1340 2558 a
1357 2504 1417 2558 101-

274 2595 413 2650 101110100
432 2593 584 2662 repetitcre
604 2593 705 2645 101010
721 2593 750 2645 01
763 2591 845 2644 Petro
860 2591 990 2644 Sabatier
1005 2591 1113 2644 editum
1125 2594 1280 2658 contendit,
1299 2595 1417 2648 fallitur.

274 2702 340 2738 nam
359 2684 512 2748 utrumque
531 2697 616 2748 supra
634 2679 757 2734 vidimus
775 2697 792 2732 a
810 2679 942 2734 Iohannis
963 2679 1123 2749 Martianay
1142 2681 1267 2738 editione
1286 2685 1417 2752 pendere.

346 2771 446 2840 quodsi
466 2787 532 2824 vero
551 2787 567 2822 a
587 2768 735 2822 Francisco
754 2768 895 2821 Delitzseh
914 2767 1114 2823 Constantinus
1133 2770 1167 2825 de
1181 2772 1368 2828 Tischeudorf
1376 2775 1417 2826 vir

274 2871 299 2916 et
318 2862 440 2916 doctrino
460 2865 485 2912 et
504 2858 610 2928 10701110
628 2859 657 2909 ia
675 2863 734 2910 arte
754 2857 847 2909 critica
859 2857 948 2926 focile
963 2858 1089 2926 princeps
1107 2862 1233 2924 vocatur,
1252 2861 1372 2915 iudicari
1387 2863 1417 2914 id
1508 2903 1509 2910 ,

273 2951 380 3022 poterit
396 2951 433 3004 ad
452 2965 575 3018 eaquae
594 2963 668 3002 anno
689 2951 748 3012 1857
768 2946 884 3014 exposui
903 2944 933 3000 et
951 2963 1026 3000 anno
1042 2952 1101 2998 1866
1112 2947 1141 3001 in
1151 2948 1225 3002 libro
1234 2951 1417 3018 gesammelte

275 3040 495 3108 abhandlungen
521 3043 633 3104 85-119
657 3035 760 3089 iterum
787 3034 873 3099 edidi,
903 3039 989 3102 atque
1009 3055 1042 3090 011
1061 3037 1122 3104 ipso
1142 3039 1277 3106 psalterio
1295 3040 1417 3094 tischeu-

273 3129 399 3183 dorfiauo
417 3126 508 3180 latino
527 3124 715 3193 prudentibus
734 3124 802 3177 viris
822 3124 940 3178 ridicule
961 3126 990 3178 01
1008 3125 1128 3180 absurde
1148 3126 1417 3184 dictumvidebitur.

347 3235 413 3270 nam
430 3217 454 3272 si
473 3215 628 3269 editionem
647 3213 812 3281 Hieronymi
830 3216 962 3267 venetam
974 3233 1025 3283 pro
1036 3233 1103 3270 vera
1113 3217 1283 3272 vallarsiana
1294 3221 1418 3274 assumsit

275 3306 477 3364 Constantinus
494 3304 529 3358 de
549 3302 741 3366 Tischendorf,
761 3319 834 3368 quae
853 3319 870 3356 0
889 3303 1028 3357 Vallarsio
1048 3309 1146 3359 curata
1164 3323 1220 3361 non
1240 3310 1295 3362 est:

345 3398 369 3451 si
387 3413 444 3451 non
463 3393 537 3448 vidit
556 3393 727 3448 Vallarsium
746 3392 776 3445 in
794 3393 931 3461 psalterio
950 3394 1058 3448 edendo
1071 3397 1220 3464 perpaucis
1232 3398 1300 3453 loeis
1312 3399 1418 3453 aMau·
1491 3451 1495 3471 ,

274 3489 343 3544 11111
361 3486 520 3550 recessisse,
549 3500 717 3549 omnemque
735 3483 880 3538 emendati
898 3484 981 3538 huius
1000 3485 1068 3539 libri
1086 3487 1212 3552 laudem,
1230 3489 1254 3542 si
1273 3490 1355 3544 modo
1375 3493 1418 3544 est

273 3583 341 3646 ulla,
360 3580 397 3635 ad
415 3578 568 3632 Iohannem
587 3574 748 3643 Martianay
767 3573 943 3628 referendam
962 3592 1035 3629 esse:

345 3669 460 3724 11110110
485 3665 683 3720 vallarsianam
707 3680 793 3730 quam
815 3665 937 3732 putabat
955 3681 1083 3732 quaeque
1102 3683 1201 3720 revera
1219 3670 1262 3722 est
1280 3670 1416 3734 maurina,

273 3757 461 3814 tumultuaria
486 3772 572 3824 opera
596 3771 610 3807 e
630 3753 775 3807 codicibus
799 3752 985 3822 neglegenter
1008 3771 1063 3807 non
1083 3755 1218 3820 conlatis,
1246 3758 1293 3812 sed
1313 3759 1415 3827 passim

273 3849 408 3919 inspectis
420 3848 456 3902 ab
466 3845 579 3900 homine
590 3844 660 3898 artis
675 3843 791 3898 criticae
801 3842 1014 3911 imperitissimo
1025 3843 1180 3898 confectam
1192 3864 1250 3900 esse
1261 3848 1415 3918 ignoravit:

346 3938 370 3989 si
389 3935 545 4005 scripturae
566 3933 734 3988 varietatem
754 3951 771 3986 a
789 3932 913 3985 Iohanne
927 3931 1088 4001 Martiauay
1102 3934 1259 3990 conlectam
1270 3938 1299 3992 et
1309 3941 1417 3992 veteres

273 4023 403 4092 psalterii
422 4023 503 4076 iuxta
521 4023 663 4076 Hebraeos
682 4021 820 4075 editiones
839 4019 953 4074 omuino
971 4037 1027 4074 non
1047 4021 1140 4076 novit:

348 4111 462 4177 siquae
487 4111 625 4164 lohannes
643 4111 806 4178 Martiauay
831 4110 865 4163 de
890 4109 1005 4163 canonis
1023 4111 1173 4166 hebraicae
1192 4113 1324 4168 veritatis
1342 4115 1417 4169 ccdi-

275 4203 355 4258 cibus
374 4198 506 4268 exposuit
524 4215 576 4252 nec
595 4198 667 4268 legit
679 4215 771 4264 neque
785 4198 820 4252 ad
835 4197 1047 4252 diiudicandum
1057 4199 1194 4254 librorum
1203 4218 1288 4256 manu
1298 4203 1417 4272 scripto-

220 4351 222 4356 ,
275 4309 337 4345 rum
356 4288 527 4360 dignitatem
546 4286 691 4340 adhibuit:

348 4380 371 4434 11
389 4376 589 4434 10110111010111
619 4375 698 4430 illam
727 4392 805 4428 suam
835 4392 898 4428 cum
924 4375 1020 4430 codice
1045 4376 1182 4430 amiatino
1200 4380 1336 4444 contulit,
1369 4381 1417 4448 qui

214 4425 219 4530 ,i
275 4469 441 4538 psalterium
466 4468 518 4521 hoe
542 4466 576 4521 de
596 4482 652 4533 quo
676 4481 766 4520 sermo
785 4467 828 4518 est
846 4466 987 4528 continet,
1019 4467 1051 4519 11
1069 4465 1200 4532 equidem
1218 4467 1352 4534 arbitror,
1381 4471 1417 4524 011
